%% Sex chromosomes
@article{Wright1933,
author={Wright, S.},
title={Inbreeding and homozygosis},
journal={Proceedings of the National Academy of Sciences, USA},
volume={19},
pages={411--419},
year={1933}}

@article{Caballero1995,
author={Caballero, A},
title={On the effective size of populations with separate sexes, with particular refenc to sex-linked genes},
journal={Genetics},
year={1995},
volume={139},
pages={1007--1011}}

@article{Kimura1962,
author={Kimura, M.},
title={On the probability of fixation of mutant genes in a population},
journal={Genetics},
year={1962},
volume={47},
pages={713--719}}

@book{King1993,
author={King, M},
title={Species evolution: the role of chromosome change},
year={1993},
publisher={Cambridge University Press}}

@book{White1973,
author={White, M J D},
title={Animal cytology and evolution},
year={1973},
publisher={Cambridge University Press}}

@article{Nachman1995,
title = "Why is the house mouse karyotype so variable? ",
journal = "Trends in Ecology \& Evolution ",
volume = "10",
number = "10",
pages = "397--402",
year = "1995",
note = "",
issn = "0169-5347",
doi = "http://dx.doi.org/10.1016/S0169-5347(00)89155-7",
url = "http://www.sciencedirect.com/science/article/pii/S0169534700891557",
author = "Michael W. Nachman and Jeremy B. Searle"
}

@article{Ellegren2011,
title={Sex-chromsome evolution: recent progress and the influence of male and female heterogamety},
journal={Nature Reviews Genetics},
volume={12},
pages={257--266},
year={2011},
author={Ellegren, H}}

 @article{Guerrero2014,
author = {Guerrero, Rafael F. and Kirkpatrick, Mark},
title = {Local Adaptation and the evolutoin of chromosome fusions},
journal = {Evolution},
volume = {68},
number = {10},
issn = {1558-5646},
url = {http://dx.doi.org/10.1111/evo.12481},
doi = {10.1111/evo.12481},
pages = {2747--2756},
keywords = {Coalescent, population divergence, rearrangements, recombination, Robertsonian translocations, selection},
year = {2014},
}

@article{Bachtrog2011,
title = "Are all sex chromosomes created equal? ",
journal = "Trends in Genetics ",
volume = "27",
number = "9",
pages = "350--357",
year = "2011",
note = "",
issn = "0168-9525",
doi = "http://dx.doi.org/10.1016/j.tig.2011.05.005",
url = "http://www.sciencedirect.com/science/article/pii/S0168952511000667",
author = "Doris Bachtrog and Mark Kirkpatrick and Judith E. Mank and Stuart F. McDaniel and J. Chris Pires and William Rice and Nicole Valenzuela"
}

@book{Perrinbook,
title={The evolution of sex determination},
author={Beukeboom, L. W and Perrin, N},
year={2014},
publisher={Oxford University Press}}

@book{Bull1983,
title={Evolution of sex determining mechanisms},
author={Bull, J J},
year={1983},
publisher={Menlo Park: The Benjamin/Cummings Publishing Company}}

@article{Ezaz2006,
title = "Relationships between Vertebrate \{ZW\} and \{XY\} Sex Chromosome Systems ",
journal = "Current Biology ",
volume = "16",
number = "17",
pages = "R736--R743",
year = "2006",
note = "",
issn = "0960-9822",
doi = "http://dx.doi.org/10.1016/j.cub.2006.08.021",
url = "http://www.sciencedirect.com/science/article/pii/S0960982206019968",
author = "Tariq Ezaz and Rami Stiglec and Frederic Veyrunes and Jennifer A. Marshall Graves"
}


@article{10.1371/journal.pbio.1001899,
    author = {Bachtrog, Doris AND Mank, Judith E. AND Peichel, Catherine L. AND Kirkpatrick, Mark AND Otto, Sarah P. AND Ashman, Tia-Lynn AND Hahn, Matthew W. AND Kitano, Jun AND Mayrose, Itay AND Ming, Ray AND Perrin, Nicolas AND Ross, Laura AND Valenzuela, Nicole AND Vamosi, Jana C. AND The Tree of Sex Consortium},
    journal = {PLoS Biology},
    publisher = {Public Library of Science},
    title = {Sex Determination: Why So Many Ways of Doing It?},
    year = {2014},
    month = {07},
    volume = {12},
    url = {http://dx.doi.org/10.1371%2Fjournal.pbio.1001899},
    pages = {e1001899},
    number = {7},
    doi = {10.1371/journal.pbio.1001899}
}        


@article{Devlin2002,
title = "Sex determination and sex differentiation in fish: an overview of genetic, physiological, and environmental influences ",
journal = "Aquaculture ",
volume = "208",
number = "3–4",
pages = "191--364",
year = "2002",
note = "Sex determination and sex differentation in fish ",
issn = "0044-8486",
doi = "http://dx.doi.org/10.1016/S0044-8486(02)00057-1",
url = "http://www.sciencedirect.com/science/article/pii/S0044848602000571",
author = "Robert H. Devlin and Yoshitaka Nagahama",
keywords = "Sexual differentiation",
keywords = "Sex determination",
keywords = "Fish",
keywords = "Gonadal differentiation",
keywords = "Sex steroids",
keywords = "Genetic sex determination",
keywords = "Sex chromosomes",
keywords = "Sex ratios",
keywords = "Polyploidy "
}


@article{ToS,
author={The Tree of Sex Consortium},
year={2014},
title={Tree of Sex: a database of sexual systems},
journal={Scientific Data},
volume={1},
pages={140015}}

@book{Ohno1967,
title={Sex chromosomes and sex-linked genes},
author={Ohno, S},
year={1967},
publisher={Springer}}

@article{Ezaz2009},
author={Ezaz, T and Sarre, S D, and O'Meally, D and Marshall Graves, J A and Georges, A},
title={Sex chromosome evolution in lizards: independent origins and rapid transitions},
journal={Cytogenetics and Genome Research},
year={2009},
volume={127},
pages={249--260}}

@article{Kitano2012,
year={2012},
issn={0378-1909},
journal={Environmental Biology of Fishes},
volume={94},
number={3},
doi={10.1007/s10641-011-9853-8},
title={Turnover of sex chromosomes and speciation in fishes},
url={http://dx.doi.org/10.1007/s10641-011-9853-8},
publisher={Springer Netherlands},
keywords={Multiple sex chromosomes; Neo-sex chromosome; X1X2Y; Stickleback; Sexual conflict; Speciation},
author={Kitano, Jun and Peichel, CatherineL.},
pages={549--558}
}

﻿
@article{Yoshida2012,
author = {Yoshida, Kohta and Kitano, Jun},
title = {THE CONTRIBUTION OF FEMALE MEIOTIC DRIVE TO THE EVOLUTION OF NEO-SEX CHROMOSOMES},
journal = {Evolution},
volume = {66},
number = {10},
publisher = {Blackwell Publishing Inc},
issn = {1558-5646},
url = {http://dx.doi.org/10.1111/j.1558-5646.2012.01681.x},
doi = {10.1111/j.1558-5646.2012.01681.x},
pages = {3198--3208},
keywords = {Centromere, female meiotic drive, multiple sex chromosome, speciation, X1X2Y, XY1Y2},
year = {2012},
}


﻿@article{Maddison2013,
author = {Maddison, Wayne P. and Leduc-Robert, Genevieve},
title = {MULTIPLE ORIGINS OF SEX CHROMOSOME FUSIONS CORRELATED WITH CHIASMA LOCALIZATION IN HABRONATTUS JUMPING SPIDERS (ARANEAE: SALTICIDAE)},
journal = {Evolution},
volume = {67},
number = {8},
issn = {1558-5646},
url = {http://dx.doi.org/10.1111/evo.12109},
doi = {10.1111/evo.12109},
pages = {2258--2272},
keywords = {Chromosome evolution, intralocus sexual conflict, neo-Y, phylogenetic correlation, segregation constraints, sexual antagonism},
year = {2013}
}

@book{Gardner2012,
author={Gardner, R J M and Sutherland, G R and Shaffer, L G},
title={Chromosome abnoralities and genetic counseling},
year={2012},
publisher={Oxford University Press}}



%% Intro

@article{Pennell2012,
author={Pennell, M. W. and Sarver, B. A. J. and Harmon, Luke J.},
title={Trees of unusual size: biased inference of early bursts from large molecular phylogenies},
journal={PLoS ONE},
volume={7},
pages={e43348},
year={2012}}

@article{Maliska2013,
author={Maliska, M. E. and Pennell, M. W. and Swalla, B. J.},
title={Developmental mode influences diversification in ascidians},
journal={Biology Letters},
volume={9},
pages={20130068},
year={2013}}

@article{nestedradiations,
author={Tank, D.C. and Eastman, J. M. and Pennell, M. W. and Soltis, P. S. and Soltis, D. E. and Hinchliff, C. E. and Brown, J. W. and Harmon, L. J.},
title={Nested radiations and the pulse of angiosperm diversification},
journal={New Phytologist},
year={2015}}

@article{UyedaPCA,
author={Uyeda, J. C. and Caetano, D. S. and Pennell, M. W.},
title={Comparative analysis of principal components can be misleading},
year={2015},
journal={Systematic Biology}}

@article{Rosenblum2012,
author={Rosenblum, E. B. and Sarver, B. A. J. and Brown, J. W. and Des Roches, S. and Hardwick, K. M. and Hether, T. D. and Eastman, J. M. and Pennell, M. W. and Harmon, L. J.},
title={Goldilocks meets {Santa Rosalia}: an emphemeral speciation model explains patterns of diversification across time scales},
journal={Evolutionary Biology},
volume={39},
pages={255-261},
year={2012}}

@article{Sarverprior,
author={Sarver, B. A. J. and Pennell, M. W. and Brown, J. W. and Hardwick, K. M. and Sullivan, J. and Harmon, L. J.},
title={The choice of tree prior and molecular clock does not substantially affect phylogenetic inferences of diversification rates},
year={2015},
journal={Systematic Biology}} 


@book{PCM,
title={Modern Phylogenetic Comparative Methods and Their Application in Evolutionary Biology},
editor={Garamszegi, L. Z.},
year={2014},
publisher={Springer}
}

@article{Ives2007,
title={Within-Species Variation and Measurement Error in Phylogenetic Comparative Methods},
author={Ives, A R and Midford, Peter E and Garland Jr., Theodore},
journal={Systematic Biology},
volume={56},
pages={252--270},
year={2007}}

@article{Ives2010,
title={Phylogenetic logistic regression for binary dependent variables},
author={Ives A R and Garland Jr., Theodore},
year={2010},
volume={59},
journal={Systematic Biology},
pages={9--26}}

@article{Clauset2008,
author = {Clauset, Aaron and Erwin, Douglas H.}, 
title = {The Evolution and Distribution of Species Body Size},
volume = {321}, 
number = {5887}, 
pages = {399-401}, 
year = {2008}, 
doi = {10.1126/science.1157534}, 
URL = {http://www.sciencemag.org/content/321/5887/399.abstract}, 
eprint = {http://www.sciencemag.org/content/321/5887/399.full.pdf}, 
journal = {Science} 
}

@article{Brown2004,
author={Brown, J. H. and Gillooly, J. F. and Allen, A. P. and Savage, V. M. and West, G. B.},
title={Towards a metabolic theory of ecology},
year={2004},
journal={Ecology},
volume={85},
pages={1771-1789}
}

@book{Harte2011,
author={John Harte},
title={Maximum Entropy and Ecology: A Theory of Abundance, Distribution, and Energetics},
year={2011},
publisher={Oxford}
}

  @article{Hohenlohe2008,
     jstor_articletype = {research-article},
     title = {{MIPoD}: A Hypothesis-Testing Framework for Microevolutionary Inference from Patterns of Divergence.},
     author = {Paul A. Hohenlohe and Stevan J. Arnold},
     journal = {The American Naturalist},
     jstor_issuetitle = {},
     volume = {171},
     number = {3},
     jstor_formatteddate = {March 2008},
     pages = {366-385},
     url = {http://www.jstor.org/stable/10.1086/527498},
     ISSN = {00030147},
     year = {2008},
     publisher = {The University of Chicago Press for The American Society of Naturalists},
     copyright = {Copyright © 2008 The University of Chicago},
    }

@article{Bolstad2014,
	title={Genetic constraints predict evolutionary divergence in Dalechampia blossoms},
	author={Bolstad, Geir H. and Hansen, Thomas F. and  P\'{e}labon, Christophe and Falahati-Anbaran, Mohsen and P\'{e}rez--Barrales, Roc\'{i}o and Armbruster, W. Scott},
	journal={Philosophical Transactions of the Royal Society B},
	volume={369},
	number={1649},
	pages={1-15},
	year={2014}
}

@article{Arnoldetal2001,
year={2001},
issn={0016-6707},
journal={Genetica},
volume={112},
number={1},
doi={10.1023/A:1013373907708},
title={The adaptive landscape as a conceptual bridge between micro- and macroevolution},
url={http://dx.doi.org/10.1023/A%3A1013373907708},
publisher={Kluwer Academic Publishers},
keywords={adaptive landscape; macroevolution; microevolution; phenotypic evolution; quantitative genetics; selection surface; selective line of least resistance},
author={Arnold, Stevan J. and Pfrender, Michael E. and Jones, Adam G.},
pages={9--32}
}

@article{PennellTREEresponse,
author={Pennell, Matthew W and Harmon, Luke J and Uyeda, Josef C},
title={Speciation is unlikely to drive divergence rates},
journal={Trends in Ecology \& Evolution},
volume={29},
pages={72-73},
year={2014}
}



@book{Darwin1859,
author={Darwin, Charles},
title={On the Origin of Species by Means of Natural Selection,
or the Preservation of Favoured Races in the Struggle for Life},
publisher={John Murray, London},
year={1859}
}

   @article{Westoby1995,
     jstor_articletype = {research-article},
     title = {On Misinterpreting the `Phylogenetic Correction'},
     author = {Westoby, Mark and Leishman, Michelle R. and Lord, Janice M.},
     journal = {Journal of Ecology},
     jstor_issuetitle = {},
     volume = {83},
     number = {3},
     jstor_formatteddate = {Jun., 1995},
     pages = {531--534},
     url = {http://www.jstor.org/stable/2261605},
     ISSN = {00220477},
     year = {1995},
     publisher = {British Ecological Society},
     copyright = {Copyright © 1995 British Ecological Society},
    }

@book{Ridley1983,
title={The explanation of organic diversity: the comparative method and adaptations for mating},
author={Ridley, Matthew},
year={1983},
publisher={Oxford University Press}
}

@article{Maddison1990,
title={A method for testing the correlated evolution of two binary characters: are gains and losses concentrated on certain branches of a phylogenetic tree?},
author={Maddison, Wayne P},
journal={Evolution},
year={1990},
volume={44},
pages={539--557}
}

@article{MooersSchluter1998,
title={Fitting macroevolutionary models to phylogenetic trees},
author={Mooers, Arne {\O} and Schluter, Dolph},
journal={Contributions to Zoology},
volume={68},
pages={3--18},
year={1998}}

@article{Pennellpcmbook,
author = {Pennell, Matthew W.}, 
title = {Modern Phylogenetic Comparative Methods and Their Application in Evolutionary Biology: Concepts and Practice.--{Book Review}},
volume = {64}, 
number = {1}, 
pages = {161--163}, 
year = {2015}, 
doi = {10.1093/sysbio/syu075}, 
URL = {http://sysbio.oxfordjournals.org/content/64/1/161.short}, 
eprint = {http://sysbio.oxfordjournals.org/content/64/1/161.full.pdf+html}, 
journal = {Systematic Biology} 
}

@article{LiebermanTREE,
title = "What is punctuated equilibrium? What is macroevolution? A response to Pennell et al. ",
journal = "Trends in Ecology \& Evolution ",
volume = "29",
number = "4",
pages = "185--186",
year = "2014",
note = "",
issn = "0169-5347",
doi = "http://dx.doi.org/10.1016/j.tree.2014.02.005",
url = "http://www.sciencedirect.com/science/article/pii/S0169534714000421",
author = "Bruce S. Lieberman and Niles Eldredge"
}
%% PE

@article{FitzJohn2010,
author = {FitzJohn, Richard G.}, 
title = {Quantitative Traits and Diversification}, 
volume = {59}, 
number = {6}, 
pages = {619--633}, 
year = {2010}, 
doi = {10.1093/sysbio/syq053}, 
URL = {http://sysbio.oxfordjournals.org/content/59/6/619.abstract}, 
eprint = {http://sysbio.oxfordjournals.org/content/59/6/619.full.pdf+html}, 
journal = {Systematic Biology} 
}

@article {Fitzjohn2012,
author = {FitzJohn, Richard G.},
title = {Diversitree: comparative phylogenetic analyses of diversification in R},
journal = {Methods in Ecology and Evolution},
volume = {3},
number = {6},
publisher = {Blackwell Publishing Ltd},
issn = {2041-210X},
url = {http://dx.doi.org/10.1111/j.2041-210X.2012.00234.x},
doi = {10.1111/j.2041-210X.2012.00234.x},
pages = {1084--1092},
keywords = {birth–death process, comparative methods, extinction, macroevolution, speciation},
year = {2012},
}

@article{Frank2014,
title={Generative models versus underlying symmetries to explain biological pattern},
author={Frank, Steven A},
journal={Journal of Evolutionary Biology},
year={2014},
volume={27},
pages={1172--1178}}

@article{Frank2009,
title={The common patterns of nature},
author={Frank, Steven A},
journal={Journal of Evolutionary Biology},
year={2009},
volume={22},
pages={1563--1585}}

@book{Jaynes2003,
title={Probability Theory: The Logic of Science},
author={Jaynes, E. T.},
year={2003},
publisher={Cambridge University Press}}

@article{Holt2003,
title={The phenomenology of niche evolution via quantitative traits in a `black-hole' sink},
author={Holt, R. D. and Gomulkiewicz, R and Barfield, M},
journal={Proceedings of the Royal Society B: Biological Sciences},
year={2003},
volume={270},
pages={215--224}}

@article{WeberTREE},



@article{Maddison2007,
author = {Maddison, Wayne P. and Midford, Peter E. and Otto, Sarah P.}, 
title = {Estimating a Binary Character's Effect on Speciation and Extinction}, 
volume = {56}, 
number = {5}, 
pages = {701--710}, 
year = {2007}, 
doi = {10.1080/10635150701607033}, 
URL = {http://sysbio.oxfordjournals.org/content/56/5/701.abstract}, 
eprint = {http://sysbio.oxfordjournals.org/content/56/5/701.full.pdf+html}, 
journal = {Systematic Biology} 
}

@article{MagnusonFord2012,
     jstor_articletype = {research-article},
     title = {Linking the Investigations of Character Evolution and Species Diversification.},
     author = {Magnuson-Ford, Karen and Otto, Sarah P.},
     journal = {The American Naturalist},
     jstor_issuetitle = {},
     volume = {180},
     number = {2},
     jstor_formatteddate = {August 2012},
     pages = {225-245},
     url = {http://www.jstor.org/stable/10.1086/666649},
     ISSN = {00030147},
     year = {2012},
     publisher = {The University of Chicago Press for The American Society of Naturalists},
     copyright = {Copyright © 2012 The University of Chicago},
    }


@article {Goldberg2012,
author = {Goldberg, Emma E. and Igi\'{c}, Boris},
title = {Tempo and Mode in Plant Breeding System Evolution},
journal = {Evolution},
volume = {66},
number = {12},
publisher = {Blackwell Publishing Inc},
issn = {1558-5646},
url = {http://dx.doi.org/10.1111/j.1558-5646.2012.01730.x},
doi = {10.1111/j.1558-5646.2012.01730.x},
pages = {3701--3709},
keywords = {Comparative methods, Dollo’s law, macroevolution, self-incompatibility, Solanaceae},
year = {2012},
}

@Book{Gould2002,
author = {Gould, Stephen Jay},
ALTeditor = {•},
title = {The Structure of Evolutionary Theory},
publisher = {Harvard University Press},
year = {2002},
OPTkey = {•},
OPTvolume = {•},
OPTnumber = {•},
OPTseries = {•},
OPTaddress = {•},
OPTedition = {•},
OPTmonth = {•},
OPTnote = {•},
OPTannote = {•}
}

@article{Goldberg2010,
author = {Goldberg, Emma E. and Kohn, Joshua R. and Lande, Russell and Robertson, Kelly A. and Smith, Stephen A. and Igi\'{c}, Boris}, 
title = {Species Selection Maintains Self-Incompatibility},
volume = {330}, 
number = {6003}, 
pages = {493-495}, 
year = {2010}, 
doi = {10.1126/science.1194513}, 
URL = {http://www.sciencemag.org/content/330/6003/493.abstract}, 
eprint = {http://www.sciencemag.org/content/330/6003/493.full.pdf}, 
journal = {Science} 
}

@article {Futuyma2010,
author = {Futuyma, Douglas J.},
title = {Evolutionary Constraint and Ecological Consequences},
journal = {Evolution},
volume = {64},
number = {7},
publisher = {Blackwell Publishing Inc},
issn = {1558-5646},
url = {http://dx.doi.org/10.1111/j.1558-5646.2010.00960.x},
doi = {10.1111/j.1558-5646.2010.00960.x},
pages = {1865--1884},
keywords = {Community ecology, ephemeral divergence, evolutionary constraint, genetic variation, genostasis, limits to adaptation, phylogenetic conservatism, stasis},
year = {2010},
}

@article{Uyeda2011,
author = {Uyeda, Josef C. and Hansen, Thomas F. and Arnold, Stevan J. and Pienaar, Jason}, 
title = {The million-year wait for macroevolutionary bursts},
volume = {108}, 
number = {38}, 
pages = {15908--15913}, 
year = {2011}, 
doi = {10.1073/pnas.1014503108}, 
URL = {http://www.pnas.org/content/108/38/15908.abstract}, 
eprint = {http://www.pnas.org/content/108/38/15908.full.pdf+html}, 
journal = {Proceedings of the National Academy of Sciences} 
}

@article{EstesArnold2007,
     jstor_articletype = {research-article},
     title = {Resolving the Paradox of Stasis: Models with Stabilizing Selection Explain Evolutionary Divergence on All Timescales.},
     author = {Suzanne Estes and Stevan J. Arnold},
     journal = {The American Naturalist},
     jstor_issuetitle = {},
     volume = {169},
     number = {2},
     jstor_formatteddate = {February 2007},
     pages = {227-244},
     url = {http://www.jstor.org/stable/10.1086/510633},
     ISSN = {00030147},
     year = {2007},
     publisher = {The University of Chicago Press for The American Society of Naturalists},
     copyright = {Copyright © 2007 The University of Chicago},
    }

@article{Hunt2012,
author = {Hunt, Gene}, 
title = {Measuring rates of phenotypic evolution and the inseparability of tempo and mode},
volume = {38}, 
number = {3}, 
pages = {351-373}, 
year = {2012}, 
doi = {10.1666/11047.1}, 
URL = {http://paleobiol.geoscienceworld.org/content/38/3/351.abstract}, 
eprint = {http://paleobiol.geoscienceworld.org/content/38/3/351.full.pdf+html}, 
journal = {Paleobiology} 
}

@article{Strotz2013,
author = {Strotz, Luke C. and Allen, Andrew P.}, 
title = {Assessing the role of cladogenesis in macroevolution by integrating fossil and molecular evidence},
volume = {110}, 
number = {8}, 
pages = {2904--2909}, 
year = {2013}, 
doi = {10.1073/pnas.1208302110}, 
URL = {http://www.pnas.org/content/110/8/2904.abstract}, 
eprint = {http://www.pnas.org/content/110/8/2904.full.pdf+html}, 
journal = {Proceedings of the National Academy of Sciences} 
}

@article{Hunt2007,
	Author = {Hunt, Gene},
	Date-Added = {2012-11-14 17:50:13 -0500},
	Date-Modified = {2012-11-14 17:50:21 -0500},
	Doi = {10.1073/pnas.0704088104},
	Eprint = {http://www.pnas.org/content/104/47/18404.full.pdf+html},
	Journal = {Proceedings of the National Academy of Sciences},
	Number = {47},
	Pages = {18404-18408},
	Title = {The relative importance of directional change, random walks, and stasis in the evolution of fossil lineages},
	Url = {http://www.pnas.org/content/104/47/18404.abstract},
	Volume = {104},
	Year = {2007},
	Bdsk-Url-1 = {http://www.pnas.org/content/104/47/18404.abstract},
	Bdsk-Url-2 = {http://dx.doi.org/10.1073/pnas.0704088104}}
	
	
@article{Ingram2011,
author = {Ingram, Travis}, 
title = {Speciation along a depth gradient in a marine adaptive radiation},
volume = {278}, 
number = {1705}, 
pages = {613--618}, 
year = {2011}, 
doi = {10.1098/rspb.2010.1127},  
URL = {http://rspb.royalsocietypublishing.org/content/278/1705/613.abstract}, 
eprint = {http://rspb.royalsocietypublishing.org/content/278/1705/613.full.pdf+html}, 
journal = {Proceedings of the Royal Society B: Biological Sciences} 
}

@article{Grey2008,
author = {Grey, Melissa and Haggart, James W. and Smith, Paul L.}, 
title = {Variation in Evolutionary Patterns Across the Geographic Range of a Fossil Bivalve},
volume = {322}, 
number = {5905}, 
pages = {1238-1241}, 
year = {2008}, 
doi = {10.1126/science.1162046}, 
URL = {http://www.sciencemag.org/content/322/5905/1238.abstract}, 
eprint = {http://www.sciencemag.org/content/322/5905/1238.full.pdf}, 
journal = {Science} 
}

@article {Bokma2008,
author = {Bokma, Folmer},
title = {Detection of ``Punctuated Equilibrium'' by Bayesian Estimation of Speciation and Extinction Rates, Ancestral Character States, and Rates of Anagenetic and Cladogenetic Evolution on a Molecular Phylogeny},
journal = {Evolution},
volume = {62},
number = {11},
publisher = {Blackwell Publishing Inc},
issn = {1558-5646},
url = {http://dx.doi.org/10.1111/j.1558-5646.2008.00492.x},
doi = {10.1111/j.1558-5646.2008.00492.x},
pages = {2718--2726},
keywords = {Cladogenesis, gene expression, macroevolution, molecular phylogenetics, stasis},
year = {2008},
}

@article {Bokma2002,
author = {Bokma, F.},
title = {Detection of punctuated equilibrium from molecular phylogenies},
journal = {Journal of Evolutionary Biology},
volume = {15},
number = {6},
publisher = {Blackwell Science Ltd},
issn = {1420-9101},
url = {http://dx.doi.org/10.1046/j.1420-9101.2002.00458.x},
doi = {10.1046/j.1420-9101.2002.00458.x},
pages = {1048--1056},
keywords = {macroevolution, maximum likelihood, phyletic gradualism, punctuated equilibrium, speciation},
year = {2002},
}

@article{Pagel2006,
author = {Pagel, Mark and Venditti, Chris and Meade, Andrew}, 
title = {Large Punctuational Contribution of Speciation to Evolutionary Divergence at the Molecular Level},
volume = {314}, 
number = {5796}, 
pages = {119-121}, 
year = {2006}, 
doi = {10.1126/science.1129647}, 
URL = {http://www.sciencemag.org/content/314/5796/119.abstract}, 
eprint = {http://www.sciencemag.org/content/314/5796/119.full.pdf}, 
journal = {Science} 
}

@article{Atkinson2008,
author = {Atkinson, Quentin D. and Meade, Andrew and Venditti, Chris and Greenhill, Simon J. and Pagel, Mark}, 
title = {Languages Evolve in Punctuational Bursts},
volume = {319}, 
number = {5863}, 
pages = {588}, 
year = {2008}, 
doi = {10.1126/science.1149683}, 
URL = {http://www.sciencemag.org/content/319/5863/588.abstract}, 
eprint = {http://www.sciencemag.org/content/319/5863/588.full.pdf}, 
journal = {Science} 
}


@Article{Hopkins2012,
author = {Hopkins, Melanie J. and Lidgard, Scott},
title = {Evolutionary mode routinely varies among morphological traits within fossil species lineages},
journal = {Proceedings of the National Academy of Sciences},
year = {2012},
OPTkey = {•},
volume = {109},
OPTnumber = {•},
pages = {20520--20525},
OPTmonth = {•},
OPTnote = {•},
OPTannote = {•}
}


@article {Simpson2013,
author = {Simpson, Carl},
title = {Species selection and the macroevolution of coral coloniality and photosymbiosis},
journal = {Evolution},
volume = {67},
number = {6},
issn = {1558-5646},
url = {http://dx.doi.org/10.1111/evo.12083},
doi = {10.1111/evo.12083},
pages = {1607--1621},
keywords = {Diversification, multilevel selection, multivariate selection, paleobiology, phylogenetics},
year = {2013},
}


@article {Rabosky2012,
author = {Rabosky, Daniel L.},
title = {Positive correlation between diversification rates and phenotypic evolvability can mimic punctuated equilibrium on molecular phylogenies},
journal = {Evolution},
volume = {66},
number = {8},
publisher = {Blackwell Publishing Inc},
issn = {1558-5646},
url = {http://dx.doi.org/10.1111/j.1558-5646.2012.01631.x},
doi = {10.1111/j.1558-5646.2012.01631.x},
pages = {2622--2627},
keywords = {Adaptive radiation, macroevolution, morphological evolution, speciation},
year = {2012},
}

@article {Huntetal2008,
author = {Hunt, Gene and Bell, Michael A. and Travis, Matthew P.},
title = {Evolution toward a new adaptive optimum: phenotypic evolution in a fossil stickleback lineage},
journal = {Evolution},
volume = {62},
number = {3},
publisher = {Blackwell Publishing Inc},
issn = {1558-5646},
url = {http://dx.doi.org/10.1111/j.1558-5646.2007.00310.x},
doi = {10.1111/j.1558-5646.2007.00310.x},
pages = {700--710},
keywords = {Adaptive evolution, adaptive landscape, neutral evolution, random walk, stickleback, time series, Orstein–Uhlenbeck process},
year = {2008},
}


@article{Landis2012,
author = {Landis, Michael J. and Schraiber, Joshua G. and Liang, Mason}, 
title = {Phylogenetic Analysis Using {L}\'{e}vy Processes: Finding Jumps in the Evolution of Continuous Traits},
volume = {62}, 
number = {2}, 
pages = {193--204}, 
year = {2013}, 
doi = {10.1093/sysbio/sys086}, 
URL = {http://sysbio.oxfordjournals.org/content/62/2/193.abstract}, 
eprint = {http://sysbio.oxfordjournals.org/content/62/2/193.full.pdf+html}, 
journal = {Systematic Biology} 
}

@Misc{Bartoszek2013,
OPTkey = {•},
author = {Bartoszek, Krzysztof},
title = {Quantifying the effects of anagenetic and cladogenetic evolution},
OPThowpublished = {•},
OPTmonth = {•},
year = {2013},
note = {arXiv:1305.2378},
OPTannote = {•}
}


@article{Baca2013,
title = "Punctuated Evolution of Prostate Cancer Genomes ",
journal = "Cell ",
volume = "153",
number = "3",
pages = "666--677",
year = "2013",
note = "",
issn = "0092-8674",
doi = "10.1016/j.cell.2013.03.021",
url = "http://www.sciencedirect.com/science/article/pii/S0092867413003437",
author = "Sylvan C. Baca and Davide Prandi and Michael S. Lawrence and Juan Miguel Mosquera and Alessandro Romanel and Yotam Drier and Kyung Park and Naoki Kitabayashi and Theresa Y. MacDonald and Mahmoud Ghandi and Eliezer Van Allen and Gregory V. Kryukov and Andrea Sboner and Jean-Philippe Theurillat and T. David Soong and Elizabeth Nickerson and Daniel Auclair and Ashutosh Tewari and Himisha Beltran and Robert C. Onofrio and Gunther Boysen and Candace Guiducci and Christopher E. Barbieri and Kristian Cibulskis and Andrey Sivachenko and Scott L. Carter and Gordon Saksena and Douglas Voet and Alex H. Ramos and Wendy Winckler and Michelle Cipicchio and Kristin Ardlie and Philip W. Kantoff and Michael F. Berger and Stacey B. Gabriel and Todd R. Golub and Matthew Meyerson and Eric S. Lander and Olivier Elemento and Gad Getz and Francesca Demichelis and Mark A. Rubin and Levi A. Garraway"
}

@article{GouldEldredge1977,
     jstor_articletype = {research-article},
     title = {Punctuated Equilibria: The Tempo and Mode of Evolution Reconsidered},
     author = {Gould, Stephen Jay and Eldredge, Niles},
     journal = {Paleobiology},
     jstor_issuetitle = {},
     volume = {3},
     number = {2},
     jstor_formatteddate = {Spring, 1977},
     pages = {115--151},
     url = {http://www.jstor.org/stable/2400177},
     ISSN = {00948373},
     year = {1977},
     publisher = {Paleontological Society},
     copyright = {Copyright © 1977 Paleontological Society},
    }

@article{Eldredge1971,
     jstor_articletype = {research-article},
     title = {The Allopatric Model and Phylogeny in Paleozoic Invertebrates},
     author = {Eldredge, Niles},
     journal = {Evolution},
     jstor_issuetitle = {},
     volume = {25},
     number = {1},
     jstor_formatteddate = {Mar., 1971},
     pages = {156--167},
     url = {http://www.jstor.org/stable/2406508},
     ISSN = {00143820},
     year = {1971},
     publisher = {Society for the Study of Evolution},
     copyright = {Copyright © 1971 Society for the Study of Evolution},
    }


@InCollection{EldredgeGould1972,
author = {Eldredge, Niles and Gould, Stephen Jay},
title = {Punctuated equilibria: an alternative to phyletic gradualism},
booktitle = {Models in Paleobiology},
OPTcrossref = {•},
OPTkey = {•},
pages = {82--115},
publisher = {Freman, Cooper \& Co.},
year = {1972},
editor = {TJM Schopf},
OPTvolume = {•},
OPTnumber = {•},
OPTseries = {•},
OPTtype = {•},
OPTchapter = {•},
OPTaddress = {•},
OPTedition = {•},
OPTmonth = {•},
OPTnote = {•},
OPTannote = {•}
}

@article{Stanley1975,
author = {Stanley, S M}, 
title = {A theory of evolution above the species level},
volume = {72}, 
number = {2}, 
pages = {646--650}, 
year = {1975}, 
URL = {http://www.pnas.org/content/72/2/646.abstract}, 
eprint = {http://www.pnas.org/content/72/2/646.full.pdf+html}, 
journal = {Proceedings of the National Academy of Sciences} 
}

@Book{Stanley1979,
author = {Stanley, Steven},
ALTeditor = {•},
title = {Macroevolution},
publisher = {Johns Hopkins University Press},
year = {1979},
OPTkey = {•},
OPTvolume = {•},
OPTnumber = {•},
OPTseries = {•},
OPTaddress = {•},
OPTedition = {•},
OPTmonth = {•},
OPTnote = {•},
OPTannote = {•}
}

@article{Charlesworth1982,
     jstor_articletype = {research-article},
     title = {A {Neo-Darwinian} Commentary on Macroevolution},
     author = {Charlesworth, Brian and Lande, Russell and Slatkin, Montgomery},
     journal = {Evolution},
     jstor_issuetitle = {},
     volume = {36},
     number = {3},
     jstor_formatteddate = {May, 1982},
     pages = {474--498},
     url = {http://www.jstor.org/stable/2408095},
     ISSN = {00143820},
     abstract = {},
     year = {1982},
     publisher = {Society for the Study of Evolution},
     copyright = {Copyright © 1982 Society for the Study of Evolution},
    }

@article{Omeara2006,
	Author = {O'Meara, Brian C. and An{\'e}, C{\'e}cile and Sanderson, Michael J. and Wainwright, Peter C.},
	Doi = {10.1111/j.0014-3820.2006.tb01171.x},
	Issn = {1558-5646},
	Journal = {Evolution},
	Number = {5},
	Pages = {922--933},
	Title = {Testing for Different Rates of Continuous Trait Evolution Using Likelihood},
	Volume = {60},
	Year = {2006},
	Bdsk-Url-1 = {http://dx.doi.org/10.1111/j.0014-3820.2006.tb01171.x}}}

@Misc{Eastmanjump,
OPTkey = {•},
author = {Eastman, Jonathan M. and Wegmann, Daniel and Leuenberger, Christoph and Harmon, Luke J.},
title = {Simpsonian `Evolution by Jumps' in an Adaptive Radiation of Anolis Lizards},
OPThowpublished = {•},
OPTmonth = {•},
year = {2013},
note = {arXiv:1305.4216},
OPTannote = {•}
}



@article{Slater2012MECCA,
	Author = {Slater, Graham J. and Harmon, Luke J. and Wegmann, Daniel and Joyce, Paul and Revell, Liam J. and Alfaro, Michael E.},
	Doi = {10.1111/j.1558-5646.2011.01474.x},
	Journal = {Evolution},
	Number = {3},
	Pages = {752--762},
	Title = {Fitting Models of Continous Trait Evolution to Incompletely Sampled Comparative Data Using Approximate Bayesian Computation},
	Volume = {66},
	Year = {2012},
	Bdsk-Url-1 = {http://dx.doi.org/10.1111/j.1558-5646.2011.01474.x}}
	
@article {Slater2012Fossil,
author = {Slater, Graham J. and Harmon, Luke J. and Alfaro, Michael E.},
title = {Integrating Fossils with Molecular Phylogenies Improves Inference of Trait Evolution},
journal = {Evolution},
volume = {66},
number = {12},
publisher = {Blackwell Publishing Inc},
issn = {1558-5646},
url = {http://dx.doi.org/10.1111/j.1558-5646.2012.01723.x},
doi = {10.1111/j.1558-5646.2012.01723.x},
pages = {3931--3944},
keywords = {Ancestral states, Brownian motion, Caniformia, model selection, phylogenetic comparative methods},
year = {2012},
}	
}

@Book{CoyneOrr,
author = {Coyne, Jerry A and Orr, H. Allen},
ALTeditor = {•},
title = {Speciation},
publisher = {Sinauer Associates},
year = {2004},
OPTkey = {•},
OPTvolume = {•},
OPTnumber = {•},
OPTseries = {•},
OPTaddress = {•},
OPTedition = {•},
OPTmonth = {•},
OPTnote = {•},
OPTannote = {•}
}

@article{RaboskyMcCune2010,
title = "Reinventing species selection with molecular phylogenies",
journal = "Trends in Ecology \& Evolution",
volume = "25",
number = "2",
pages = "68--74",
year = "2010",
note = "",
issn = "0169-5347",
doi = "10.1016/j.tree.2009.07.002",
url = "http://www.sciencedirect.com/science/article/pii/S0169534709002328",
author = "Daniel L. Rabosky and Amy R. McCune"
}

@article{Jablonski2008,
author = {Jablonski, David},
title = {Species Selection: Theory and Data},
journal = {Annual Review of Ecology, Evolution, and Systematics},
volume = {39},
number = {1},
pages = {501--524},
year = {2008},
doi = {10.1146/annurev.ecolsys.39.110707.173510},

URL = {http://www.annualreviews.org/doi/abs/10.1146/annurev.ecolsys.39.110707.173510},
eprint = {http://www.annualreviews.org/doi/pdf/10.1146/annurev.ecolsys.39.110707.173510}
}

@PhdThesis{FitzJohnthesis,
author = {FitzJohn, Richard G.},
title = {What Drives Biological Diversification? Detecting Traits Under Species Selection},
school = {University of British Columbia},
year = {2012},
OPTkey = {•},
OPTtype = {•},
OPTaddress = {•},
OPTmonth = {•},
OPTnote = {•},
OPTannote = {•}
}

@article{Gould1980,
     jstor_articletype = {research-article},
     title = {Is a New and General Theory of Evolution Emerging?},
     author = {Gould, Stephen Jay},
     journal = {Paleobiology},
     jstor_issuetitle = {},
     volume = {6},
     number = {1},
     jstor_formatteddate = {Winter, 1980},
     pages = {119--130},
     url = {http://www.jstor.org/stable/2400240},
     ISSN = {00948373},
     year = {1980},
     publisher = {Paleontological Society},
     copyright = {Copyright © 1980 Paleontological Society},
    }

@article{Hannisdal2007,
     jstor_articletype = {research-article},
     title = {Inferring Phenotypic Evolution in the Fossil Record by Bayesian Inversion},
     author = {Hannisdal, Bjarte},
     journal = {Paleobiology},
     jstor_issuetitle = {},
     volume = {33},
     number = {1},
     jstor_formatteddate = {Winter, 2007},
     pages = {98--115},
     url = {http://www.jstor.org/stable/4500140},
     ISSN = {00948373},
     year = {2007},
     publisher = {Paleontological Society},
     copyright = {Copyright © 2007 Paleontological Society},
    }

@Book{StratPaleobook,
author = {Patzkowsky, Mark E. and Holland, Steven M.},
ALTeditor = {•},
title = {Stratigraphic Paleobiology: Understanding the distribution of fossil taxa in time and space},
publisher = {University of Chicago Press},
year = {2012},
OPTkey = {•},
OPTvolume = {•},
OPTnumber = {•},
OPTseries = {•},
OPTaddress = {•},
OPTedition = {•},
OPTmonth = {•},
OPTnote = {•},
OPTannote = {•}
}

@article {Beaulieu2012,
author = {Beaulieu, Jeremy M. and Jhwueng, Dwueng-Chwuan and Boettiger, Carl and O'Meara, Brian C.},
title = {Modeling Stabilizing Selection: Expanding the Ornstein-Uhlenbeck Model of Adaptive Evolution},
journal = {Evolution},
volume = {66},
number = {8},
publisher = {Blackwell Publishing Inc},
issn = {1558--5646},
url = {http://dx.doi.org/10.1111/j.1558-5646.2012.01619.x},
doi = {10.1111/j.1558-5646.2012.01619.x},
pages = {2369--2383},
keywords = {Brownian motion, comparative method, continuous characters Hansen model, Ornstein–Uhlenbeck},
year = {2012},
}

@article{HansenMartins1996,
	Author = {Hansen, Thomas F. and Martins, Emilia P.},
	Journal = {Evolution},
	Number = {4},
	Pages = {1404--1417},
	Title = {Translating Between Microevolutionary Process and Macroevolutionary Patterns: The Correlation Structure of Interspecific Data},
	Volume = {50},
	Year = {1996}}
	
@article{Khaitovich2005,
author = {Khaitovich, Philipp and P\"{a}\"{a}bo, Svante and Weiss, Gunter}, 
title = {Toward a Neutral Evolutionary Model of Gene Expression},
volume = {170}, 
number = {2}, 
pages = {929--939}, 
year = {2005}, 
doi = {10.1534/genetics.104.037135}, 
URL = {http://www.genetics.org/content/170/2/929.abstract}, 
eprint = {http://www.genetics.org/content/170/2/929.full.pdf+html}, 
journal = {Genetics} 
}	
}
	
@article{Hansen1997,
	Author = {Hansen, Thomas F.},
	Journal = {Evolution},
	Number = {5},
	Pages = {1341--1351},
	Title = {Stabilizing Selection and the Comparative Analysis of Adaptation},
	Volume = {51},
	Year = {1997}}

@InCollection{Hansen2012,
author = {Hansen, Thomas F},
title = {Adaptive Landscapes and Macroevolutionary Dynamics},
booktitle = {The Adaptive Landscape in Evolutionary Biology},
OPTcrossref = {•},
OPTkey = {•},
pages = {205--221},
publisher = {Oxford University Press},
year = {2012},
editor = {Svensson, Erik and Calsbeek, Ryan},
OPTvolume = {•},
OPTnumber = {•},
OPTseries = {•},
OPTtype = {•},
OPTchapter = {•},
OPTaddress = {•},
OPTedition = {•},
OPTmonth = {•},
OPTnote = {•},
OPTannote = {•}
}

@Book{Nosil2012,
author = {Nosil, Patrik},
ALTeditor = {•},
title = {Ecological Speciation},
publisher = {Oxford University Press},
year = {2012},
OPTkey = {•},
OPTvolume = {•},
OPTnumber = {•},
OPTseries = {•},
OPTaddress = {•},
OPTedition = {•},
OPTmonth = {•},
OPTnote = {•},
OPTannote = {•}
}

@article{JC1999,
title = "Tempo and mode of speciation in the sea ",
journal = "Trends in Ecology \& Evolution ",
volume = "14",
number = "2",
pages = "72--77",
year = "1999",
note = "",
issn = "0169-5347",
doi = "10.1016/S0169-5347(98)01504-3",
url = "http://www.sciencedirect.com/science/article/pii/S0169534798015043",
author = "Jeremy B.C. Jackson and Alan H. Cheetham",
keywords = "species",
keywords = "speciation",
keywords = "macroevolution",
keywords = "punctuated",
keywords = "equilibria",
keywords = "stasis",
keywords = "phylogeny",
keywords = "natural selection",
keywords = "life history evolution",
keywords = "evolutionary trends",
keywords = "marine evolution "
}

@article {Aze2011,
author = {Aze, Tracy and Ezard, Thomas H. G. and Purvis, Andy and Coxall, Helen K. and Stewart, Duncan R. M. and Wade, Bridget S. and Pearson, Paul N.},
title = {A phylogeny of Cenozoic macroperforate planktonic foraminifera from fossil data},
journal = {Biological Reviews},
volume = {86},
number = {4},
publisher = {Blackwell Publishing Ltd},
issn = {1469-185X},
url = {http://dx.doi.org/10.1111/j.1469-185X.2011.00178.x},
doi = {10.1111/j.1469-185X.2011.00178.x},
pages = {900--927},
keywords = {planktonic foraminifera, macroevolution, Cenozoic, biodiversity, phylogeny, stratophenetics, morphospecies, speciation, extinction, pseudoextinction},
year = {2011},
}

@Article{Williamson1981,
author = {Williamson, P.G.},
title = {Palaeontological documentation of speciation in Cenozoic molluscs from Turkana Basin},
journal = {Nature},
year = {1981},
OPTkey = {•},
volume = {293},
OPTnumber = {•},
pages = {437--443},
OPTmonth = {•},
OPTnote = {•},
OPTannote = {•}
}

@article {VanBocxlaer2008,
author = {Van Bocxlaer, Bert and Damme, Dirk Van and Feibel, Craig S.},
title = {Gradual versus punctuated evolution in the Turkana Basin Molluscs: Evolutionary events or biological invasions?},
journal = {Evolution},
volume = {62},
number = {3},
publisher = {Blackwell Publishing Inc},
issn = {1558--5646},
url = {http://dx.doi.org/10.1111/j.1558-5646.2007.00296.x},
doi = {10.1111/j.1558-5646.2007.00296.x},
pages = {511--520},
keywords = {Biogeography, Kenya, palaeobiology, palaeohydrology, Plio-Pleistocene, stratigraphy},
year = {2008},
}

@article {Fryer1983,
author = {Fryer, G. and Greenwood, P.H. and Peake, J.F.},
title = {Punctuated equilibria, morphological stasis and the palaeontological documentation of speciation: a biological appraisal of a case history in an African lake},
journal = {Biological Journal of the Linnean Society},
volume = {20},
number = {2},
publisher = {Blackwell Publishing Ltd},
issn = {1095-8312},
url = {http://dx.doi.org/10.1111/j.1095-8312.1983.tb00363.x},
doi = {10.1111/j.1095-8312.1983.tb00363.x},
pages = {195--205},
keywords = {Speciation, morphological stasis, variation, punctuated equilibria, fossil molluscs, cichlid fishes, African lakes},
year = {1983},
}

@article{VendittiPagel2010,
title = "Speciation as an active force in promoting genetic evolution ",
journal = "Trends in Ecology \& Evolution ",
volume = "25",
number = "1",
pages = "14--20",
year = "2010",
note = "",
issn = "0169-5347",
doi = "10.1016/j.tree.2009.06.010",
url = "http://www.sciencedirect.com/science/article/pii/S0169534709002225",
author = "Chris Venditti and Mark Pagel"
}

@article{Adams2009,
author = {Adams, Dean C. and Berns, Chelsea M. and Kozak, Kenneth H. and Wiens, John J.}, 
title = {Are rates of species diversification correlated with rates of morphological evolution?},
volume = {276}, 
number = {1668}, 
pages = {2729--2738}, 
year = {2009}, 
doi = {10.1098/rspb.2009.0543}, 
URL = {http://rspb.royalsocietypublishing.org/content/276/1668/2729.abstract}, 
eprint = {http://rspb.royalsocietypublishing.org/content/276/1668/2729.full.pdf+html}, 
journal = {Proceedings of the Royal Society B: Biological Sciences} 
}

@article {RaboskyAdams2010,
author = {Rabosky, Daniel L. and Adams, Dean C.},
title = {Rates of morphological evolution are correlated with species richness in salamanders},
journal = {Evolution},
volume = {66},
number = {6},
publisher = {Blackwell Publishing Inc},
issn = {1558-5646},
url = {http://dx.doi.org/10.1111/j.1558-5646.2011.01557.x},
doi = {10.1111/j.1558-5646.2011.01557.x},
pages = {1807--1818},
keywords = {Adaptive radiation, macroevolution, morphological evolution, phylogenetics, speciation},
year = {2012},
}

@article{Pagel1997,
	Author = {Pagel, Mark},
	Date-Added = {2012-09-18 14:50:24 -0400},
	Date-Modified = {2012-09-18 14:50:24 -0400},
	Doi = {10.1111/j.1463-6409.1997.tb00423.x},
	Issn = {1463-6409},
	Journal = {Zoologica Scripta},
	Number = {4},
	Pages = {331--348},
	Publisher = {Blackwell Publishing Ltd},
	Title = {Inferring evolutionary processes from phylogenies},
	Url = {http://dx.doi.org/10.1111/j.1463-6409.1997.tb00423.x},
	Volume = {26},
	Year = {1997},
	Bdsk-Url-1 = {http://dx.doi.org/10.1111/j.1463-6409.1997.tb00423.x}}
}

@article{Mattila2008,
author = {Mattila, Tiina M and Bokma, Folmer}, 
title = {Extant mammal body masses suggest punctuated equilibrium},
volume = {275}, 
number = {1648}, 
pages = {2195--2199}, 
year = {2008}, 
doi = {10.1098/rspb.2008.0354}, 
URL = {http://rspb.royalsocietypublishing.org/content/275/1648/2195.abstract}, 
eprint = {http://rspb.royalsocietypublishing.org/content/275/1648/2195.full.pdf+html}, 
journal = {Proceedings of the Royal Society B: Biological Sciences} 
}
	

@article{Nee1992,
author = {Nee, S and Mooers, A {\O} and Harvey, P H}, 
title = {Tempo and mode of evolution revealed from molecular phylogenies},
volume = {89}, 
number = {17}, 
pages = {8322--8326}, 
year = {1992}, 
abstract ={The analysis of the tempo and mode of evolution has a strong tradition in paleontology. Recent advances in molecular phylogenetic reconstruction make it possible to complement this work by using data from extant species.}, 
URL = {http://www.pnas.org/content/89/17/8322.abstract}, 
eprint = {http://www.pnas.org/content/89/17/8322.full.pdf+html}, 
journal = {Proceedings of the National Academy of Sciences} 
}

@Article{Nee1994,
author = {Nee, Sean and May, Robert M and Harvey, Paul H},
title = {The Reconstructed Evolutionary Process},
journal = {Philosophical Transactions of the Royal Society: Biological Sciences},
year = {1994},
OPTkey = {•},
volume = {344},
number = {1309},
pages = {305--311},
OPTmonth = {•},
OPTnote = {•},
OPTannote = {•}
}

@article{Nee2006,
     jstor_articletype = {research-article},
     title = {Birth-Death Models in Macroevolution},
     author = {Nee, Sean},
     journal = {Annual Review of Ecology, Evolution, and Systematics},
     jstor_issuetitle = {},
     volume = {37},
     number = {},
     jstor_formatteddate = {2006},
     pages = {1--17},
     url = {http://www.jstor.org/stable/30033824},
     ISSN = {1543592X},
     year = {2006},
     publisher = {Annual Reviews},
     copyright = {Copyright © 2006 Annual Reviews},
    }

@article{Purvis2008,
author = {Purvis, Andy},
title = {Phylogenetic Approaches to the Study of Extinction},
journal = {Annual Review of Ecology, Evolution, and Systematics},
volume = {39},
number = {1},
pages = {301--319},
year = {2008},
doi = {10.1146/annurev-ecolsys-063008-102010},

URL = {http://www.annualreviews.org/doi/abs/10.1146/annurev-ecolsys-063008-102010},
eprint = {http://www.annualreviews.org/doi/pdf/10.1146/annurev-ecolsys-063008-102010}
}

@article{Stone2011,
author = {Stone, Graham N. and Nee, Sean and Felsenstein, Joseph}, 
title = {Controlling for non-independence in comparative analysis of patterns across populations within species},
volume = {366}, 
number = {1569}, 
pages = {1410--1424}, 
year = {2011}, 
doi = {10.1098/rstb.2010.0311},  
URL = {http://rstb.royalsocietypublishing.org/content/366/1569/1410.abstract}, 
eprint = {http://rstb.royalsocietypublishing.org/content/366/1569/1410.full.pdf+html}, 
journal = {Philosophical Transactions of the Royal Society B: Biological Sciences} 
}

@article{BentonPearson2001,
title = "Speciation in the fossil record ",
journal = "Trends in Ecology \& Evolution ",
volume = "16",
number = "7",
pages = "405--411",
year = "2001",
note = "",
issn = "0169-5347",
doi = "10.1016/S0169-5347(01)02149-8",
url = "http://www.sciencedirect.com/science/article/pii/S0169534701021498",
author = "Michael J. Benton and Paul N. Pearson",
keywords = "palaeontology",
keywords = "speciation",
keywords = "fossil record",
keywords = "punctuated equilibria",
keywords = "reproductive isolation",
keywords = "phyletic gradualism",
keywords = "cladogenesis",
keywords = "statsis",
keywords = "phylogenetics "
}

@Article{Reitan2012,
author = {Reitan, Trond and Schweder, Tore and Henderiks, Jorijntje},
title = {Phenotypic evolution studied by layered stochastic differential equations},
journal = {Annals of Applied Statistics},
year = {2012},
OPTkey = {•},
volume = {6},
OPTnumber = {•},
pages = {1531--1551},
OPTmonth = {•},
OPTnote = {•},
OPTannote = {•}
}

@article {Mahler2013,
author = {Ingram, Travis and Mahler, D. Luke},
title = {SURFACE: detecting convergent evolution from comparative data by fitting Ornstein-Uhlenbeck models with stepwise AIC},
journal = {Methods in Ecology and Evolution},
issn = {2041--210X},
url = {http://dx.doi.org/10.1111/2041-210X.12034},
doi = {10.1111/2041-210X.12034},
OPTpages = {•},
keywords = {community convergence, contingency, determinism, ecomorph, Hansen model, OUCH, phylogenetic comparative methods, replicated adaptive radiation},
year = {in press},
}

@article{Eldredge2005,
     jstor_articletype = {research-article},
     title = {The Dynamics of Evolutionary Stasis},
     author = {Eldredge, Niles and Thompson, John N. and Brakefield, Paul M. and Gavrilets, Sergey and Jablonski, David and Jackson, Jeremy B. C. and Lenski, Richard E. and Lieberman, Bruce S. and McPeek, Mark A. and Miller, William, III},
     journal = {Paleobiology},
     jstor_issuetitle = {Supplement. Macroevolution: Diversity, Disparity, Contingency: Essays in Honor of Stephen Jay Gould},
     volume = {31},
     number = {2},
     jstor_formatteddate = {Spring, 2005},
     pages = {133--145},
     url = {http://www.jstor.org/stable/25482674},
     ISSN = {00948373},
     year = {2005},
     publisher = {Paleontological Society},
     copyright = {Copyright © 2005 Paleontological Society},
    }
    
@article {Saetre2013,
author = {S{\ae}tre, G.-P.},
title = {Hybridization is important in evolution, but is speciation?},
journal = {Journal of Evolutionary Biology},
volume = {26},
number = {2},
issn = {1420-9101},
url = {http://dx.doi.org/10.1111/jeb.12005},
doi = {10.1111/jeb.12005},
pages = {256--258},
year = {2013},
}

@Book{Mayr,
author = {Mayr, Ernst},
ALTeditor = {•},
title = {Systematics and the Origin of Species from the Viewpoint of a Zoologist},
publisher = {Harvard University Press},
year = {1942},
OPTkey = {•},
OPTvolume = {•},
OPTnumber = {•},
OPTseries = {•},
OPTaddress = {•},
OPTedition = {•},
OPTmonth = {•},
OPTnote = {•},
OPTannote = {•}
}

@article{Futuyma1987,
     jstor_articletype = {research-article},
     title = {On the Role of Species in Anagenesis},
     author = {Futuyma, Douglas J.},
     journal = {The American Naturalist},
     jstor_issuetitle = {},
     volume = {130},
     number = {3},
     jstor_formatteddate = {Sep., 1987},
     pages = {465--473},
     url = {http://www.jstor.org/stable/2461899},
     ISSN = {00030147},
     abstract = {},
     year = {1987},
     publisher = {The University of Chicago Press for The American Society of Naturalists},
     copyright = {Copyright © 1987 The University of Chicago},
    }


@article{GouldVrba1986,
     jstor_articletype = {research-article},
     title = {The Hierarchical Expansion of Sorting and Selection: Sorting and Selection Cannot Be Equated},
     author = {Vrba, Elisabeth S. and Gould, Stephen Jay},
     journal = {Paleobiology},
     jstor_issuetitle = {},
     volume = {12},
     number = {2},
     jstor_formatteddate = {Spring, 1986},
     pages = {217--228},
     url = {http://www.jstor.org/stable/2400492},
     ISSN = {00948373},
     year = {1986},
     publisher = {Paleontological Society},
     copyright = {Copyright © 1986 Paleontological Society},
    }

@article{Turner2010,
year={2010},
issn={1431-7613},
journal={Theory in Biosciences},
volume={129},
number={2-3},
doi={10.1007/s12064-010-0088-6},
title={Punctuated equilibrium and species selection: what does it mean for one theory to suggest another?},
url={http://dx.doi.org/10.1007/s12064-010-0088-6},
publisher={Springer-Verlag},
keywords={Fossil record; Punctuated equilibrium; Species selection; Theoretical fertility},
author={Turner, Derek},
pages={113--123}
}

@Book{Dennett1995,
author = {Dennett, Daniel C.},
ALTeditor = {•},
title = {Darwin's Dangerous Idea: Evolution and the meanings of life},
publisher = {Simon \& Schuster},
year = {1995},
OPTkey = {•},
OPTvolume = {•},
OPTnumber = {•},
OPTseries = {•},
OPTaddress = {•},
OPTedition = {•},
OPTmonth = {•},
OPTnote = {•},
OPTannote = {•}
}

@article{Bookstein1978,
     jstor_articletype = {research-article},
     title = {Hierarchical Linear Modeling of the Tempo and Mode of Evolution},
     author = {Bookstein, Fred L. and Gingerich, Philip D. and Kluge, Arnold G.},
     journal = {Paleobiology},
     jstor_issuetitle = {},
     volume = {4},
     number = {2},
     jstor_formatteddate = {Spring, 1978},
     pages = {120--134},
     url = {http://www.jstor.org/stable/2400281},
     ISSN = {00948373},
     year = {1978},
     publisher = {Paleontological Society},
     copyright = {Copyright © 1978 Paleontological Society},
    }

@article{Slatkin1981,
     jstor_articletype = {research-article},
     title = {A Diffusion Model of Species Selection},
     author = {Slatkin, Montgomery},
     journal = {Paleobiology},
     jstor_issuetitle = {},
     volume = {7},
     number = {4},
     jstor_formatteddate = {Autumn, 1981},
     pages = {421--425},
     url = {http://www.jstor.org/stable/2400693},
     ISSN = {00948373},
     year = {1981},
     publisher = {Paleontological Society},
     copyright = {Copyright © 1981 Paleontological Society},
    }

@article{ArnoldFristrup1982,
     jstor_articletype = {research-article},
     title = {The Theory of Evolution by Natural Selection: A Hierarchical Expansion},
     author = {Arnold, Anthony J. and Fristrup, Kurt},
     journal = {Paleobiology},
     jstor_issuetitle = {},
     volume = {8},
     number = {2},
     jstor_formatteddate = {Spring, 1982},
     pages = {113--129},
     url = {http://www.jstor.org/stable/2400448},
     ISSN = {00948373},
     year = {1982},
     publisher = {Paleontological Society},
     copyright = {Copyright © 1982 Paleontological Society},
    }
    
@article{Rice1995,
title = "A Genetical Theory of Species Selection ",
journal = "Journal of Theoretical Biology ",
volume = "177",
number = "3",
pages = "237--245",
year = "1995",
note = "",
issn = "0022-5193",
doi = "10.1006/jtbi.1995.0241",
url = "http://www.sciencedirect.com/science/article/pii/S002251938570241X",
author = "Sean H. Rice"
}

@article{McShea2004,
year={2004},
issn={0169-3867},
journal={Biology and Philosophy},
volume={19},
number={1},
doi={10.1023/B:BIPH.0000013260.40162.dd},
title={A Revised Darwinism},
url={http://dx.doi.org/10.1023/B%3ABIPH.0000013260.40162.dd},
publisher={Kluwer Academic Publishers},
author={McShea, DanielW.},
pages={45--53},
}

@article{Sargent2004,
author = {Sargent, Risa D.}, 
title = {Floral symmetry affects speciation rates in angiosperms}, 
volume = {271}, 
number = {1539}, 
pages = {603--608}, 
year = {2004}, 
doi = {10.1098/rspb.2003.2644}, 
URL = {http://rspb.royalsocietypublishing.org/content/271/1539/603.abstract}, 
eprint = {http://rspb.royalsocietypublishing.org/content/271/1539/603.full.pdf+html}, 
journal = {Proceedings of the Royal Society of London. Series B: Biological Sciences} 
}

@article {Vamosi2004,
author = {Vamosi, Jana C. and Vamosi, Steven M.},
title = {The Role of Diversification in Causing the Correlates of Dioecy},
journal = {Evolution},
volume = {58},
number = {4},
publisher = {Blackwell Publishing Ltd},
issn = {1558-5646},
url = {http://dx.doi.org/10.1111/j.0014-3820.2004.tb00405.x},
doi = {10.1111/j.0014-3820.2004.tb00405.x},
pages = {723--731},
keywords = {Angiosperms, breeding system, dioecy, ecological correlations, extinction, phylogeny, sister-group comparison, speciation},
year = {2004},
}

@article{Slowinski1989,
   author = {Slowinski, J. B. and Guyer, C.},
   title = {Testing the Stochasticity of Patterns of Organismal Diversity - An Improved Null Model},
   journal = {American Naturalist},
   volume = {134},
   number = {6},
   pages = {907--921},
   year = {1989}
}

@article{Slowinski1993,
   author = {Slowinski, J. B. and Guyer, C.},
   title = {Testing Whether Certain Traits Have Caused Amplified Diversification - An Improved Method Based on a Model of Random Speciation and Extinction},
   journal = {American Naturalist},
   volume = {142},
   number = {6},
   pages = {1019--1024},
   year = {1993}
}

@Article{VamosiVamosi,
author = {Vamosi, Steven M. and Vamosi, Jana C.},
title = {Endless tests: guidelines for analysing non-nested sister-group comparisons},
journal = {Evolutionary Ecology Research},
year = {2005},
OPTkey = {•},
volume = {7},
OPTnumber = {•},
pages = {657--579},
OPTmonth = {•},
OPTnote = {•},
OPTannote = {•}
}

@article {Maddison2006,
author = {Maddison, Wayne P.},
title = {Confounding Asymmetries in Evolution Diversification and Character Change},
journal = {Evolution},
volume = {60},
number = {8},
publisher = {Blackwell Publishing Ltd},
issn = {1558-5646},
url = {http://dx.doi.org/10.1111/j.0014-3820.2006.tb00517.x},
doi = {10.1111/j.0014-3820.2006.tb00517.x},
pages = {1743--1746},
keywords = {Diversification, evolutionary dead-end, extinction, irreversibility, phylogeny, speciation},
year = {2006},
}

@article{Goldberg2011,
author = {Goldberg, Emma E. and Lancaster, Lesley T. and Ree, Richard H.}, 
title = {Phylogenetic Inference of Reciprocal Effects between Geographic Range Evolution and Diversification}, 
volume = {60}, 
number = {4}, 
pages = {451--465}, 
year = {2011}, 
doi = {10.1093/sysbio/syr046}, 
URL = {http://sysbio.oxfordjournals.org/content/60/4/451.abstract}, 
eprint = {http://sysbio.oxfordjournals.org/content/60/4/451.full.pdf+html}, 
journal = {Systematic Biology} 
}

@article{QuentalMarshall2010,
   author = {Quental, T. B. and Marshall, C. R.},
   title = {Diversity dynamics: molecular phylogenies need the fossil record},
   journal = {Trends in Ecology \& Evolution},
   volume = {25},
   number = {8},
   pages = {434--441},
   year = {2010}
}

@Article{SimpsonHarnik2009,
author = {Simpson, Carl and Harnik, Paul G.},
title = {Assessing the role fo abundance in marine bivalve extinction over the Post-Paleozoic},
journal = {Paleobiology},
year = {2009},
OPTkey = {•},
volume = {35},
OPTnumber = {•},
pages = {631--647},
OPTmonth = {•},
OPTnote = {•},
OPTannote = {•}
}

@Article{Simpson2010,
author = {Simpson, Carl},
title = {Species selection and driven mechanisms jointly generate a large-scale morphological trend in monobathrid crnioids},
journal = {Paleobiology},
year = {2010},
OPTkey = {•},
volume = {36},
OPTnumber = {•},
pages = {481--496},
OPTmonth = {•},
OPTnote = {•},
OPTannote = {•}
}

@Article{Goldie2011,
author = {Goldie, Xavier and Lanfear, Robert and Bromham, Lindell},
title = {Diversification and the rate of molecular evolution: no evidence of a link in mammals},
journal = {BMC Evolutionary Biology},
year = {2011},
OPTkey = {•},
volume = {11},
OPTnumber = {•},
pages = {286},
OPTmonth = {•},
OPTnote = {•},
OPTannote = {•}
}
		
@article {Rundle2005,
author = {Rundle, Howard D. and Nosil, Patrik},
title = {Ecological speciation},
journal = {Ecology Letters},
volume = {8},
number = {3},
publisher = {Blackwell Science Ltd},
issn = {1461-0248},
url = {http://dx.doi.org/10.1111/j.1461-0248.2004.00715.x},
doi = {10.1111/j.1461-0248.2004.00715.x},
pages = {336--352},
keywords = {Divergent selection, natural selection, reinforcement, reproductive isolation, sexual selection},
year = {2005},
}

@article{Bartoszek2012,
title = "A phylogenetic comparative method for studying multivariate adaptation ",
journal = "Journal of Theoretical Biology ",
volume = "314",
number = "0",
pages = "204--215",
year = "2012",
note = "",
issn = "0022-5193",
doi = "10.1016/j.jtbi.2012.08.005",
url = "http://www.sciencedirect.com/science/article/pii/S0022519312003918",
author = "Krzysztof Bartoszek and Jason Pienaar and Petter Mostad and Staffan Andersson and Thomas F. Hansen",
keywords = "Ornstein–Uhlenbeck process",
keywords = "Multivariate phylogenetic comparative method",
keywords = "Adaptation",
keywords = "Optimality",
keywords = "Allometry "
}

@article {Hansen2008,
author = {Hansen, Thomas F. and Pienaar, Jason and Orzack, Steven Hecht},
title = {A Comparative Method for Stuyding Adaptation to a Randomly Evolving Environment},
journal = {Evolution},
volume = {62},
number = {8},
publisher = {Blackwell Publishing Inc},
issn = {1558--5646},
url = {http://dx.doi.org/10.1111/j.1558-5646.2008.00412.x},
doi = {10.1111/j.1558-5646.2008.00412.x},
pages = {1965--1977},
keywords = {Adaptation, maladaptation, optimality, Ornstein–Uhlenbeck process, phylogenetic comparative method, phylogenetic effect, phylogenetic inertia},
year = {2008},
}

@article{Hansen2012SysBio,
author = {Hansen, Thomas F. and Bartoszek, Krzysztof}, 
title = {Interpreting the Evolutionary Regression: The Interplay Between Observational and Biological Errors in Phylogenetic Comparative Studies},
volume = {61}, 
number = {3}, 
pages = {413--425}, 
year = {2012}, 
doi = {10.1093/sysbio/syr122}, 
URL = {http://sysbio.oxfordjournals.org/content/61/3/413.abstract}, 
eprint = {http://sysbio.oxfordjournals.org/content/61/3/413.full.pdf+html}, 
journal = {Systematic Biology} 
}

@InCollection{WagnerErwin1995,
author = {Wagner, Peter J. and Erwin, Douglas H.},
title = {Phylogenetic patterns as tests of speciation models},
booktitle = {New Approaches to Speciation in the Fossil Record},
OPTcrossref = {•},
OPTkey = {•},
pages = {87--122},
publisher = {Columbia University Press},
year = {1995},
editor = {Erwin, Douglas H. and Anstey, Robert L.},
OPTvolume = {•},
OPTnumber = {•},
OPTseries = {•},
OPTtype = {•},
OPTchapter = {•},
OPTaddress = {•},
OPTedition = {•},
OPTmonth = {•},
OPTnote = {•},
OPTannote = {•}
}

@Article{Hunt2008,
author = {Hunt, Gene},
title = {Gradual or pulsed evolution: when should punctuational explanations be preferred?},
journal = {Paleobiology},
year = {2008},
OPTkey = {•},
volume = {34},
OPTnumber = {•},
pages = {360--377},
OPTmonth = {•},
OPTnote = {•},
OPTannote = {•}
}

@article{Webster2003,
author = {Webster, Andrea J. and Payne, Robert J. H. and Pagel, Mark}, 
title = {Molecular Phylogenies Link Rates of Evolution and Speciation},
volume = {301}, 
number = {5632}, 
pages = {478}, 
year = {2003}, 
doi = {10.1126/science.1083202}, 
URL = {http://www.sciencemag.org/content/301/5632/478.short}, 
eprint = {http://www.sciencemag.org/content/301/5632/478.full.pdf}, 
journal = {Science} 
}

@Book{Williams1992,
author = {Williams, George C.},
ALTeditor = {•},
title = {Natural Selection: Domains, Levels and Challenges},
publisher = {Oxford University Press},
year = {1992},
OPTkey = {•},
OPTvolume = {•},
OPTnumber = {•},
OPTseries = {•},
OPTaddress = {•},
OPTedition = {•},
OPTmonth = {•},
OPTnote = {•},
OPTannote = {•}
}

@Book{Levinton2001,
author = {Levinton, Jeffrey S.},
ALTeditor = {•},
title = {Genetics, Paleontology and Macroevolution},
publisher = {Cambridge University Press},
year = {2001},
OPTkey = {•},
OPTvolume = {•},
OPTnumber = {•},
OPTseries = {•},
OPTaddress = {•},
OPTedition = {•},
OPTmonth = {•},
OPTnote = {•},
OPTannote = {•}
}

@Book{Rice2004,
author = {Rice, Sean H.},
ALTeditor = {•},
title = {Evolutionary Theory},
publisher = {Sinauer and Associates},
year = {2004},
OPTkey = {•},
OPTvolume = {•},
OPTnumber = {•},
OPTseries = {•},
OPTaddress = {•},
OPTedition = {•},
OPTmonth = {•},
OPTnote = {•},
OPTannote = {•}
}

@Book{Sepkoskibook,
author = {Sepkoski, David},
ALTeditor = {•},
title = {Rereading the Fossil Record: The Growth of Paleobiology and an Evolutionary Discripline},
publisher = {University of Chicago Press},
year = {2012},
OPTkey = {•},
OPTvolume = {•},
OPTnumber = {•},
OPTseries = {•},
OPTaddress = {•},
OPTedition = {•},
OPTmonth = {•},
OPTnote = {•},
OPTannote = {•}
}


@Article{Mayr1982,
author = {Mayr, Ernst},
title = {Speciation and Macroevolution},
journal = {Evolution},
year = {1982},
OPTkey = {•},
volume = {36},
OPTnumber = {•},
pages = {1119--1132},
OPTmonth = {•},
OPTnote = {•},
OPTannote = {•}
}


@InCollection{Ruse1989,
author = {Ruse, Michael},
title = {Is the Theory of Punctuated Equilibria a New Paradigm?},
booktitle = {The Darwinian Paradigm},
OPTcrossref = {•},
OPTkey = {•},
OPTpages = {•},
publisher = {Harvard University Press},
year = {1989},
editor = {Ruse, Michael},
OPTvolume = {•},
OPTnumber = {•},
OPTseries = {•},
OPTtype = {•},
OPTchapter = {•},
OPTaddress = {•},
OPTedition = {•},
OPTmonth = {•},
OPTnote = {•},
OPTannote = {•}
}

@Article{Houle2011,
author = {Houle, D. and P\'{e}labon C. and Wagner, G.P. and Hansen, T.F.},
title = {Measurement and meaning in biology},
journal = {Quarterly Review of Biology},
year = {2011},
OPTkey = {•},
volume = {86},
OPTnumber = {•},
pages = {3--34},
OPTmonth = {•},
OPTnote = {•},
OPTannote = {•}
}

@Article{Kendall1948,
author = {Kendall, D.G.},
title = {On the generalized ``birth-death'' process},
journal = {Annals of Mathematical Statistics},
year = {1948},
OPTkey = {•},
volume = {19},
OPTnumber = {•},
pages = {1--15},
OPTmonth = {•},
OPTnote = {•},
OPTannote = {•}
}

@article{Foote1996,
     jstor_articletype = {research-article},
     title = {On the Probability of Ancestors in the Fossil Record},
     author = {Foote, Mike},
     journal = {Paleobiology},
     jstor_issuetitle = {},
     volume = {22},
     number = {2},
     jstor_formatteddate = {Spring, 1996},
     pages = {141--151},
     url = {http://www.jstor.org/stable/2401114},
     ISSN = {00948373},
     year = {1996},
     publisher = {Paleontological Society},
     copyright = {Copyright © 1996 Paleontological Society},
    }

@article{Bapst2013,
    author = {Bapst, , David W.},
    journal = {PLoS ONE},
    publisher = {Public Library of Science},
    title = {When Can Clades Be Potentially Resolved with Morphology?},
    year = {2013},
    month = {04},
    volume = {8},
    url = {http://dx.doi.org/10.1371%2Fjournal.pone.0062312},
    pages = {e62312},
    number = {4},
    doi = {10.1371/journal.pone.0062312}
}        

@InCollection{HansenHoule2004,
author = {Hansen, Thomas F. and Houle, David},
title = {Evolvability, Stabilizing Selection and the Problem of Stasis},
booktitle = {The Evolutionary Biology of Complex Phenotypes},
OPTcrossref = {•},
OPTkey = {•},
pages = {130--150},
publisher = {Oxford University Press},
year = {2004},
editor = {M Pigliucci and K Preston},
OPTvolume = {•},
OPTnumber = {•},
OPTseries = {•},
OPTtype = {•},
OPTchapter = {•},
OPTaddress = {•},
OPTedition = {•},
OPTmonth = {•},
OPTnote = {•},
OPTannote = {•}
}

@article{WalshBlows2009,
author = {Walsh, Bruce and Blows, Mark W.},
title = {Abundant Genetic Variation + Strong Selection = Multivariate Genetic Constraints: A Geometric View of Adaptation},
journal = {Annual Review of Ecology, Evolution, and Systematics},
volume = {40},
number = {1},
pages = {41--59},
year = {2009},
doi = {10.1146/annurev.ecolsys.110308.120232},

URL = {http://www.annualreviews.org/doi/abs/10.1146/annurev.ecolsys.110308.120232},
eprint = {http://www.annualreviews.org/doi/pdf/10.1146/annurev.ecolsys.110308.120232}
}

@Book{Okasha2006,
author = {Okasha, Samir},
ALTeditor = {•},
title = {Evolution and the Levels of Selection},
publisher = {Oxford University Press},
year = {2006},
OPTkey = {•},
OPTvolume = {•},
OPTnumber = {•},
OPTseries = {•},
OPTaddress = {•},
OPTedition = {•},
OPTmonth = {•},
OPTnote = {•},
OPTannote = {•}
}

@article {Frank2012,
author = {Frank, S. A.},
title = {Natural selection. {IV}. {The Price} equation},
journal = {Journal of Evolutionary Biology},
volume = {25},
number = {6},
publisher = {Blackwell Publishing Ltd},
issn = {1420-9101},
url = {http://dx.doi.org/10.1111/j.1420-9101.2012.02498.x},
doi = {10.1111/j.1420-9101.2012.02498.x},
pages = {1002--1019},
keywords = {fundamental theorem, invariance expressions, mathematical models, population genetics},
year = {2012},
}

@article {Price1972,
author = {Price, George R.},
title = {Extension of covariance selection mathematics},
journal = {Annals of Human Genetics},
volume = {35},
number = {4},
publisher = {Blackwell Publishing Ltd},
issn = {1469-1809},
url = {http://dx.doi.org/10.1111/j.1469-1809.1957.tb01874.x},
doi = {10.1111/j.1469-1809.1957.tb01874.x},
pages = {485--490},
year = {1972},
}

@article {RaboskyAdams2012,
author = {Rabosky, Daniel L. and Adams, Dean C.},
title = {Rates of morphological evolution are correlated with species richness in salamanders},
journal = {Evolution},
volume = {66},
number = {6},
publisher = {Blackwell Publishing Inc},
issn = {1558-5646},
url = {http://dx.doi.org/10.1111/j.1558-5646.2011.01557.x},
doi = {10.1111/j.1558-5646.2011.01557.x},
pages = {1807--1818},
keywords = {Adaptive radiation, macroevolution, morphological evolution, phylogenetics, speciation},
year = {2012},
}

@article{Grantham1995,
     jstor_articletype = {research-article},
     title = {Hierarchical Approaches to Macroevolution: Recent Work on Species Selection and the "Effect Hypothesis"},
     author = {Grantham, Todd A.},
     journal = {Annual Review of Ecology and Systematics},
     jstor_issuetitle = {},
     volume = {26},
     number = {},
     jstor_formatteddate = {1995},
     pages = {301--321},
     url = {http://www.jstor.org/stable/2097209},
     ISSN = {00664162},
     year = {1995},
     publisher = {Annual Reviews},
     copyright = {Copyright © 1995 Annual Reviews},
    }

@article{JablonskiHunt2006,
     jstor_articletype = {brief-report},
     title = {Larval Ecology, Geographic Range, and Species Survivorship in Cretaceous Mollusks: Organismic versus Species-Level Explanations.},
     author = {David Jablonski and Gene Hunt},
     journal = {The American Naturalist},
     jstor_issuetitle = {},
     volume = {168},
     number = {4},
     jstor_formatteddate = {October 2006},
     pages = {556--564},
     url = {http://www.jstor.org/stable/10.1086/507994},
     ISSN = {00030147},
     year = {2006},
     publisher = {The University of Chicago Press for The American Society of Naturalists},
     copyright = {Copyright © 2006 The University of Chicago},
    }
    
@article{Harnik2011,
author = {Harnik, Paul G.}, 
title = {Direct and indirect effects of biological factors on extinction risk in fossil bivalves},
volume = {108}, 
number = {33}, 
pages = {13594--13599}, 
year = {2011}, 
doi = {10.1073/pnas.1100572108}, 
URL = {http://www.pnas.org/content/108/33/13594.abstract}, 
eprint = {http://www.pnas.org/content/108/33/13594.full.pdf+html}, 
journal = {Proceedings of the National Academy of Sciences} 
}

@article{Harnik2012,
author = {Harnik, Paul G. and Simpson, Carl and Payne, Jonathan L.}, 
title = {Long-term differences in extinction risk among the seven forms of rarity},
volume = {279}, 
number = {1749}, 
pages = {4969--4976}, 
year = {2012}, 
doi = {10.1098/rspb.2012.1902}, 
URL = {http://rspb.royalsocietypublishing.org/content/279/1749/4969.abstract}, 
eprint = {http://rspb.royalsocietypublishing.org/content/279/1749/4969.full.pdf+html}, 
journal = {Proceedings of the Royal Society B: Biological Sciences} 
}

@Book{Adaptation,
author = {Rose, Michael R. and Lauder, George V.},
ALTeditor = {•},
title = {Adaptation},
publisher = {Academic Press},
year = {1996},
OPTkey = {•},
OPTvolume = {•},
OPTnumber = {•},
OPTseries = {•},
OPTaddress = {•},
OPTedition = {•},
OPTmonth = {•},
OPTnote = {•},
OPTannote = {•}
}


@article{Wainwright2007,
author = {Wainwright, Peter C.},
title = {Functional Versus Morphological Diversity in Macroevolution},
journal = {Annual Review of Ecology, Evolution, and Systematics},
volume = {38},
number = {1},
pages = {381--401},
year = {2007},
doi = {10.1146/annurev.ecolsys.38.091206.095706},
URL = {http://www.annualreviews.org/doi/abs/10.1146/annurev.ecolsys.38.091206.095706},
eprint = {http://www.annualreviews.org/doi/pdf/10.1146/annurev.ecolsys.38.091206.095706}
}

@article{Baum1991,
author = {Baum, David A. and Larson, Allan}, 
title = {Adaptation Reviewed: A Phylogenetic Methodology for Studying Character Macroevolution},
volume = {40}, 
number = {1}, 
pages = {1--18}, 
year = {1991}, 
doi = {10.1093/sysbio/40.1.1}, 
URL = {http://sysbio.oxfordjournals.org/content/40/1/1.abstract}, 
eprint = {http://sysbio.oxfordjournals.org/content/40/1/1.full.pdf+html}, 
journal = {Systematic Biology} 
}

@article{Grant2002,
author = {Grant, Peter R. and Grant, B. Rosemary}, 
title = {Unpredictable Evolution in a 30-Year Study of Darwin's Finches},
volume = {296}, 
number = {5568}, 
pages = {707--711}, 
year = {2002}, 
doi = {10.1126/science.1070315},  
URL = {http://www.sciencemag.org/content/296/5568/707.abstract}, 
eprint = {http://www.sciencemag.org/content/296/5568/707.full.pdf}, 
journal = {Science} 
}
	
@article {Siepielski2009,
author = {Siepielski, Adam M. and DiBattista, Joseph D. and Carlson, Stephanie M.},
title = {It's about time: the temporal dynamics of phenotypic selection in the wild},
journal = {Ecology Letters},
volume = {12},
number = {11},
publisher = {Blackwell Publishing Ltd},
issn = {1461-0248},
url = {http://dx.doi.org/10.1111/j.1461-0248.2009.01381.x},
doi = {10.1111/j.1461-0248.2009.01381.x},
pages = {1261--1276},
keywords = {Adaptation, climate, demography, divergence, environmental variation, evolution, natural selection, sexual selection, temporal variation},
year = {2009},
}

@article{Siepielski2011,
author = {Siepielski, Adam M. and DiBattista, Joseph D. and Evans, Jeffrey A. and Carlson, Stephanie M.}, 
title = {Differences in the temporal dynamics of phenotypic selection among fitness components in the wild},
volume = {278}, 
number = {1711}, 
pages = {1572--1580}, 
year = {2011}, 
doi = {10.1098/rspb.2010.1973}, 
URL = {http://rspb.royalsocietypublishing.org/content/278/1711/1572.abstract}, 
eprint = {http://rspb.royalsocietypublishing.org/content/278/1711/1572.full.pdf+html}, 
journal = {Proceedings of the Royal Society B: Biological Sciences} 
}


@book{Schluter2000,
	Author = {Dolph Schluter},
	Optaddress = {*},
	Optannote = {*},
	Optedition = {*},
	Optkey = {*},
	Optmonth = {*},
	Optnote = {*},
	Optnumber = {*},
	Optseries = {*},
	Optvolume = {*},
	Publisher = {Oxford University Press},
	Title = {The Ecology of Adaptive Radiation},
	Year = {2000}}
	
@Book{Gavrilets2004,
author = {Gavrilets, Sergey},
ALTeditor = {•},
title = {Fitness Landscapes and the Origin of Species},
publisher = {Princeton University Press},
year = {2004},
OPTkey = {•},
OPTvolume = {•},
OPTnumber = {•},
OPTseries = {•},
OPTaddress = {•},
OPTedition = {•},
OPTmonth = {•},
OPTnote = {•},
OPTannote = {•}
}

@Book{Doebeli2011,
author = {Doebeli, Michael},
ALTeditor = {•},
title = {Adaptive Diversification},
publisher = {Princeton University Press},
year = {2011},
OPTkey = {•},
OPTvolume = {•},
OPTnumber = {•},
OPTseries = {•},
OPTaddress = {•},
OPTedition = {•},
OPTmonth = {•},
OPTnote = {•},
OPTannote = {•}
}

@article{Wagner1996,
     jstor_articletype = {research-article},
     title = {Contrasting the Underlying Patterns of Active Trends in Morphologic Evolution},
     author = {Wagner, Peter J.},
     journal = {Evolution},
     jstor_issuetitle = {},
     volume = {50},
     number = {3},
     jstor_formatteddate = {Jun., 1996},
     pages = {990--1007},
     url = {http://www.jstor.org/stable/2410641},
     ISSN = {00143820},
     year = {1996},
     publisher = {Society for the Study of Evolution},
     copyright = {Copyright © 1996 Society for the Study of Evolution},
    }

@article{McShea1998,
     jstor_articletype = {research-article},
     title = {Possible Largest-Scale Trends in Organismal Evolution: Eight ``Live Hypotheses''},
     author = {McShea, Daniel W.},
     journal = {Annual Review of Ecology and Systematics},
     jstor_issuetitle = {},
     volume = {29},
     number = {},
     jstor_formatteddate = {1998},
     pages = {293--318},
     url = {http://www.jstor.org/stable/221710},
     ISSN = {00664162},
     year = {1998},
     publisher = {Annual Reviews},
     copyright = {Copyright © 1998 Annual Reviews},
    }

@article{McShea1994,
     jstor_articletype = {research-article},
     title = {Mechanisms of Large-Scale Evolutionary Trends},
     author = {McShea, Daniel W.},
     journal = {Evolution},
     jstor_issuetitle = {},
     volume = {48},
     number = {6},
     jstor_formatteddate = {Dec., 1994},
     pages = {1747--1763},
     url = {http://www.jstor.org/stable/2410505},
     ISSN = {00143820},
     year = {1994},
     publisher = {Society for the Study of Evolution},
     copyright = {Copyright © 1994 Society for the Study of Evolution},
    }
	
@article{Mitter1988,
     jstor_articletype = {research-article},
     title = {The Phylogenetic Study of Adaptive Zones: Has Phytophagy Promoted Insect Diversification?},
     author = {Mitter, Charles and Farrell, Brian and Wiegmann, Brian},
     journal = {The American Naturalist},
     jstor_issuetitle = {},
     volume = {132},
     number = {1},
     jstor_formatteddate = {Jul., 1988},
     pages = {107--128},
     url = {http://www.jstor.org/stable/2461756},
     ISSN = {00030147},
     year = {1988},
     publisher = {The University of Chicago Press for The American Society of Naturalists},
     copyright = {Copyright © 1988 The University of Chicago},
    }

@article{Fritz2013,
title = "Diversity in time and space: wanted dead and alive ",
journal = "Trends in Ecology \& Evolution",
volume = "",
number = "",
pages = "",
year = "2013",
note = "",
issn = "0169-5347",
doi = "http://dx.doi.org/10.1016/j.tree.2013.05.004",
url = "http://www.sciencedirect.com/science/article/pii/S0169534713001110",
author = {Susanne A. Fritz and Jan Schnitzler and Jussi T. Eronen and Christian Hof and Katrin B\"{o}hning-Gaese and Catherine H. Graham}}


@article{Adamowicz2008,
author = {Adamowicz, Sarah J. and Purvis, Andy and Wills, Matthew A.}, 
title = {Increasing morphological complexity in multiple parallel lineages of the Crustacea},
volume = {105}, 
number = {12}, 
pages = {4786--4791}, 
year = {2008}, 
doi = {10.1073/pnas.0709378105},  
URL = {http://www.pnas.org/content/105/12/4786.abstract}, 
eprint = {http://www.pnas.org/content/105/12/4786.full.pdf+html}, 
journal = {Proceedings of the National Academy of Sciences} 
}

@article{Jablonski1986,
author = {Jablonski, David}, 
title = {Background and Mass Extinctions: The Alternation of Macroevolutionary Regimes},
volume = {231}, 
number = {4734}, 
pages = {129--133}, 
year = {1986}, 
doi = {10.1126/science.231.4734.129}, 
URL = {http://www.sciencemag.org/content/231/4734/129.abstract}, 
eprint = {http://www.sciencemag.org/content/231/4734/129.full.pdf}, 
journal = {Science} 
}

@article{Roopnarine1999,
     jstor_articletype = {research-article},
     title = {Anagenetic Evolution, Stratophenetic Patterns, and Random Walk Models},
     author = {Roopnarine, Peter D. and Byars, Gabe and Fitzgerald, Paul},
     journal = {Paleobiology},
     jstor_issuetitle = {},
     volume = {25},
     number = {1},
     jstor_formatteddate = {Winter, 1999},
     pages = {41--57},
     url = {http://www.jstor.org/stable/2665991},
     ISSN = {00948373},
     year = {1999},
     publisher = {Paleontological Society},
     copyright = {Copyright © 1999 Paleontological Society},
    }

@article{Marshall1990,
     jstor_articletype = {research-article},
     title = {Confidence Intervals on Stratigraphic Ranges},
     author = {Marshall, Charles R.},
     journal = {Paleobiology},
     jstor_issuetitle = {},
     volume = {16},
     number = {1},
     jstor_formatteddate = {Winter, 1990},
     pages = {1--10},
     url = {http://www.jstor.org/stable/2400927},
     ISSN = {00948373},
     year = {1990},
     publisher = {Paleontological Society},
     copyright = {Copyright © 1990 Paleontological Society},
    }

@article{Marshall1994,
     jstor_articletype = {research-article},
     title = {Confidence Intervals on Stratigraphic Ranges: Partial Relaxation of the Assumption of Randomly Distributed Fossil Horizons},
     author = {Marshall, Charles R.},
     journal = {Paleobiology},
     jstor_issuetitle = {},
     volume = {20},
     number = {4},
     jstor_formatteddate = {Autumn, 1994},
     pages = {459--469},
     url = {http://www.jstor.org/stable/2401229},
     ISSN = {00948373},
     year = {1994},
     publisher = {Paleontological Society},
     copyright = {Copyright © 1994 Paleontological Society},
    }


@InCollection{Marshall1995,
author = {Marshall, Charles R.},
title = {Stratigraphy, the true order of species' originations and extinctions, and testing ancestor-descendant hypotheses among {C}aribbean bryozans},
booktitle = {New Approaches to Speciation in the Fossil Record},
OPTcrossref = {•},
OPTkey = {•},
pages = {208--236},
publisher = {Columbia University Press},
year = {1995},
editor = {Erwin, Douglas H. and Anstey, Robert L.},
OPTvolume = {•},
OPTnumber = {•},
OPTseries = {•},
OPTtype = {•},
OPTchapter = {•},
OPTaddress = {•},
OPTedition = {•},
OPTmonth = {•},
OPTnote = {•},
OPTannote = {•}
}

@Article{Marshall1997,
author = {Marshall, Charles R.},
title = {Confidence intervals on stratigraphic ranges with nonrandom distributions of fossil horizons},
journal = {Paleobiology},
year = {1997},
OPTkey = {•},
volume = {23},
OPTnumber = {•},
pages = {165--173},
OPTmonth = {•},
OPTnote = {•},
OPTannote = {•}
}

@Article{Wagner2000,
author = {Wagner, Peter J},
title = {Likelihood tests of hypothesized durations: determining and accommodatingbiasing factors},
journal = {Paleobiology},
year = {2000},
OPTkey = {•},
volume = {26},
OPTnumber = {•},
pages = {431--449},
OPTmonth = {•},
OPTnote = {•},
OPTannote = {•}
}

@article{Fujita2012,
title = "Coalescent-based species delimitation in an integrative taxonomy ",
journal = "Trends in Ecology \& Evolution ",
volume = "27",
number = "9",
pages = "480--488",
year = "2012",
note = "",
issn = "0169-5347",
doi = "http://dx.doi.org/10.1016/j.tree.2012.04.012",
url = "http://www.sciencedirect.com/science/article/pii/S0169534712001000",
author = "Matthew K. Fujita and Adam D. Leach\'{e} and Frank T. Burbrink and Jimmy A. McGuire and Craig Moritz"
}

@Article{Ricklefs2004,
author = {Ricklefs, Robert E},
title = {Cladogenesis and morphological diversification in passerine birds},
journal = {Nature},
year = {2004},
OPTkey = {•},
volume = {430},
OPTnumber = {•},
pages = {338--341},
OPTmonth = {•},
OPTnote = {•},
OPTannote = {•}
}

@InCollection{WagnerMarcot2010,
author = {Wagner, Peter J. and Marcot, Jonathan D.},
title = {Probabilistic phylogenetic inference in the fossil record: current and future applications},
booktitle = {Quantitative Methods in Paleobiology},
OPTcrossref = {•},
OPTkey = {•},
pages = {195--217},
publisher = {Paleontological Society},
year = {2010},
editor = {J Alroy and G Hunt},
OPTvolume = {•},
OPTnumber = {•},
OPTseries = {•},
OPTtype = {•},
OPTchapter = {•},
OPTaddress = {•},
OPTedition = {•},
OPTmonth = {•},
OPTnote = {•},
OPTannote = {•}
}

@article{Bokma2010,
author = {Bokma, Folmer}, 
title = {Time, Species, and Separating Their Effects on Trait Variance in Clades},
volume = {59}, 
number = {5}, 
pages = {602--607}, 
year = {2010}, 
doi = {10.1093/sysbio/syq029}, 
URL = {http://sysbio.oxfordjournals.org/content/59/5/602.short}, 
eprint = {http://sysbio.oxfordjournals.org/content/59/5/602.full.pdf+html}, 
journal = {Systematic Biology} 
}

@article{Ricklefs2007,
title = "Estimating diversification rates from phylogenetic information ",
journal = "Trends in Ecology \& Evolution ",
volume = "22",
number = "11",
pages = "601--610",
year = "2007",
note = "",
issn = "0169-5347",
doi = "http://dx.doi.org/10.1016/j.tree.2007.06.013",
url = "http://www.sciencedirect.com/science/article/pii/S0169534707002698",
author = "Robert E. Ricklefs"
}

@article{Vermeij1973,
author = {Vermeij, Geerat J.}, 
title = {Biological Versatility and Earth History},
volume = {70}, 
number = {7}, 
pages = {1936--1938}, 
year = {1973}, 
URL = {http://www.pnas.org/content/70/7/1936.abstract}, 
eprint = {http://www.pnas.org/content/70/7/1936.full.pdf+html}, 
journal = {Proceedings of the National Academy of Sciences} 
}

@article{Liem1975,
author = {Liem, Karel F. and Osse, J. W. M.}, 
title = {Biological Versatility, Evolution, and Food Resource Exploitation in African Cichlid Fishes},
volume = {15}, 
number = {2}, 
pages = {427--454}, 
year = {1975}, 
doi = {10.1093/icb/15.2.427}, 
URL = {http://icb.oxfordjournals.org/content/15/2/427.abstract}, 
eprint = {http://icb.oxfordjournals.org/content/15/2/427.full.pdf+html}, 
journal = {American Zoologist} 
}

@article {Martin2011,
author = {Martin, Christopher H. and Wainwright, Peter C.},
title = {Trophic novelty is linked to exceptional rates of morphological diversification in two adaptive radiations of {C}yprinodon pupfish},
journal = {Evolution},
volume = {65},
number = {8},
publisher = {Blackwell Publishing Inc},
issn = {1558-5646},
url = {http://dx.doi.org/10.1111/j.1558-5646.2011.01294.x},
doi = {10.1111/j.1558-5646.2011.01294.x},
pages = {2197--2212},
keywords = {Brownian motion, comparative method, disparity, divergent selection, ecological speciation, lepidophagy},
year = {2011},
}


@Article{Wagner2001,
author = {Wagner, Peter J.},
title = {Rate heterogeneity in shell character evolution among lophospiroid gastropods},
journal = {Paleobiology},
year = {2001},
OPTkey = {•},
volume = {27},
OPTnumber = {•},
pages = {290--310},
OPTmonth = {•},
OPTnote = {•},
OPTannote = {•}
}

@article{Hull1980,
     jstor_articletype = {research-article},
     title = {Individuality and Selection},
     author = {Hull, David L.},
     journal = {Annual Review of Ecology and Systematics},
     jstor_issuetitle = {},
     volume = {11},
     number = {},
     jstor_formatteddate = {1980},
     pages = {311--332},
     url = {http://www.jstor.org/stable/2096911},
     ISSN = {00664162},
     abstract = {},
     year = {1980},
     publisher = {Annual Reviews},
     copyright = {Copyright © 1980 Annual Reviews},
    }

@article{Alroy2008,
author = {Alroy, John}, 
title = {Dynamics of origination and extinction in the marine fossil record},
volume = {105}, 
number = {Supplement 1}, 
pages = {11536--11542}, 
year = {2008}, 
doi = {10.1073/pnas.0802597105}, 
URL = {http://www.pnas.org/content/105/suppl.1/11536.abstract}, 
eprint = {http://www.pnas.org/content/105/suppl.1/11536.full.pdf+html}, 
journal = {Proceedings of the National Academy of Sciences} 
}

@article{Rabosky2009,
   author = {Rabosky, D. L.},
   title = {Ecological limits and diversification rate: alternative paradigms to explain the variation in species richness among clades and regions},
   journal = {Ecology Letters},
   volume = {12},
   number = {8},
   pages = {735--743},
   year = {2009}
}

@article{Rabosky2008,
   author = {Rabosky, D. L. and Lovette, I. J.},
   title = {Explosive evolutionary radiations: Decreasing speciation or increasing extinction through time?},
   journal = {Evolution},
   volume = {62},
   number = {8},
   pages = {1866--1875},
   year = {2008}
}


@article{RaboskyGlor2010,
author = {Rabosky, Daniel L. and Glor, Richard E.}, 
title = {Equilibrium speciation dynamics in a model adaptive radiation of island lizards},
volume = {107}, 
number = {51}, 
pages = {22178--22183}, 
year = {2010}, 
doi = {10.1073/pnas.1007606107},  
URL = {http://www.pnas.org/content/107/51/22178.abstract}, 
eprint = {http://www.pnas.org/content/107/51/22178.full.pdf+html}, 
journal = {Proceedings of the National Academy of Sciences} 
}


@article{Etienne2012AmNat,
	Author = {Etienne, R. S. and Haegeman, B.},
	Date-Added = {2012-11-12 00:04:41 -0500},
	Date-Modified = {2012-11-12 00:06:42 -0500},
	Journal = {The American Naturalist},
	Number = {4},
	Pages = {E75--E89},
	Title = {A conceptual and statistical framework for adaptive radiations with a key role for diversity dependence},
	Volume = {180},
	Year = {2012}}
	


@article{Alfaro2009,
author = {Alfaro, M E and Santini, F and Brock, C and Alamillo, H and Dornburg, A and Rabosky, D L and Carnevale, G and Harmon, L J},
title = {Nine exceptional radiations plus high turnover
explain species diversity in jawed vertebrates},
journal = {Proceedings of the National Academy of Sciences},
year = {2009},
OPTkey = {•},
volume = {106},
number = {32},
pages = {13410--13414},
OPTmonth = {•},
OPTnote = {•},
OPTannote = {•}
}


@article{PhillimorePrice2008,
    author = {Phillimore, Albert B AND Price, Trevor D},
    journal = {PLoS Biology},
    publisher = {Public Library of Science},
    title = {Density-Dependent Cladogenesis in Birds},
    year = {2008},
    month = {03},
    volume = {6},
    url = {http://dx.doi.org/10.1371%2Fjournal.pbio.0060071},
    pages = {e71},
    abstract = {
        <p>Molecular evidence provides strong evidence that speciation rates slow down through time.</p>
      },
    number = {3},
    doi = {10.1371/journal.pbio.0060071}
}        

@article{McPeek2008,
     jstor_articletype = {research-article},
     title = {The Ecological Dynamics of Clade Diversification and Community Assembly},
     author = {Mark A. McPeek},
     journal = {The American Naturalist},
     jstor_issuetitle = {},
     volume = {172},
     number = {6},
     jstor_formatteddate = {December 2008},
     pages = {E270--E284},
     url = {http://www.jstor.org/stable/10.1086/593137},
     ISSN = {00030147},
     year = {2008},
     publisher = {The University of Chicago Press for The American Society of Naturalists},
     copyright = {Copyright © 2008 The University of Chicago},
    }

@article{Rabosky2007,
author = {Rabosky, Daniel L and Donnellan, Stephen C and Talaba, Amanda L and Lovette, Irby J}, 
title = {Exceptional among-lineage variation in diversification rates during the radiation of Australia's most diverse vertebrate clade},
volume = {274}, 
number = {1628}, 
pages = {2915--2923}, 
year = {2007}, 
doi = {10.1098/rspb.2007.0924}, 

URL = {http://rspb.royalsocietypublishing.org/content/274/1628/2915.abstract}, 
eprint = {http://rspb.royalsocietypublishing.org/content/274/1628/2915.full.pdf+html}, 
journal = {Proceedings of the Royal Society B: Biological Sciences} 
}

@article{Sepkoski1984,
     jstor_articletype = {research-article},
     title = {A Kinetic Model of Phanerozoic Taxonomic Diversity. III. Post-Paleozoic Families and Mass Extinctions},
     author = {Sepkoski, J. John Jr.},
     journal = {Paleobiology},
     jstor_issuetitle = {},
     volume = {10},
     number = {2},
     jstor_formatteddate = {Spring, 1984},
     pages = {246--267},
     url = {http://www.jstor.org/stable/2400399},
     ISSN = {00948373},
     year = {1984},
     publisher = {Paleontological Society},
     copyright = {Copyright © 1984 Paleontological Society},
    }

@article{Roy1996,
     jstor_articletype = {research-article},
     title = {The Roles of Mass Extinction and Biotic Interaction in Large-Scale Replacements: A Reexamination Using the Fossil Record of Stromboidean Gastropods},
     author = {Roy, Kaustuv},
     journal = {Paleobiology},
     jstor_issuetitle = {},
     volume = {22},
     number = {3},
     jstor_formatteddate = {Summer, 1996},
     pages = {436--452},
     url = {http://www.jstor.org/stable/2401099},
     ISSN = {00948373},
     year = {1996},
     publisher = {Paleontological Society},
     copyright = {Copyright © 1996 Paleontological Society},
    }
    
@article{VanValen1975,
     jstor_articletype = {research-article},
     title = {Group Selection, Sex, and Fossils},
     author = {Van Valen, Leigh},
     journal = {Evolution},
     jstor_issuetitle = {},
     volume = {29},
     number = {1},
     jstor_formatteddate = {Mar., 1975},
     pages = {87--94},
     url = {http://www.jstor.org/stable/2407143},
     ISSN = {00143820},
     year = {1975},
     publisher = {Society for the Study of Evolution},
     copyright = {Copyright © 1975 Society for the Study of Evolution},
    }

@Article{Eble2000,
author = {Eble, G. J.},
title = {Contrasting evolutionary flexibility in sister groups: disparity and diversity in Mesozoic atelostomate echinoids},
journal = {Paleobiology},
year = {2000},
OPTkey = {•},
volume = {26},
OPTnumber = {•},
pages = {56--79},
OPTmonth = {•},
OPTnote = {•},
OPTannote = {•}
}


@Article{Sepkoski2000,
author = {Sepkoski, J. J. Jr. and McKinney, F.M. and Lidgard, S.},
title = {Competitive displacement among
post-Paleozoic cyclostome and cheilostome bryozoans},
journal = {Paleobiology},
year = {2000},
OPTkey = {•},
volume = {26},
OPTnumber = {•},
pages = {7-18},
OPTmonth = {•},
OPTnote = {•},
OPTannote = {•}
}


@Book{Vermeij1987,
author = {Vermeij, Geerat J.},
ALTeditor = {•},
title = {Evolution and Escalation},
publisher = {Princeton University Press},
year = {1987},
OPTkey = {•},
OPTvolume = {•},
OPTnumber = {•},
OPTseries = {•},
OPTaddress = {•},
OPTedition = {•},
OPTmonth = {•},
OPTnote = {•},
OPTannote = {•}
}

@article{Eo2010,
author = {Eo, Soo Hyung and DeWoody, J. Andrew}, 
title = {Evolutionary rates of mitochondrial genomes correspond to diversification rates and to contemporary species richness in birds and reptiles},
volume = {277}, 
number = {1700}, 
pages = {3587--3592}, 
year = {2010}, 
doi = {10.1098/rspb.2010.0965},  
URL = {http://rspb.royalsocietypublishing.org/content/277/1700/3587.abstract}, 
eprint = {http://rspb.royalsocietypublishing.org/content/277/1700/3587.full.pdf+html}, 
journal = {Proceedings of the Royal Society B: Biological Sciences} 
}

@article{Lanfear2010,
author = {Lanfear, Robert and Ho, Simon Y. W. and Love, Dominic and Bromham, Lindell}, 
title = {Mutation rate is linked to diversification in birds},
volume = {107}, 
number = {47}, 
pages = {20423--20428}, 
year = {2010}, 
doi = {10.1073/pnas.1007888107}, 
URL = {http://www.pnas.org/content/107/47/20423.abstract}, 
eprint = {http://www.pnas.org/content/107/47/20423.full.pdf+html}, 
journal = {Proceedings of the National Academy of Sciences} 
} }


@Article{Mahler2013Science,
author = {Mahler, D. L and Ingram, Travis and Revell, Liam J and Losos, Jonathan B.},
title = {Exceptional convergence on the macroevolutionary landscape in island lizard radiations},
journal = {Science},
year = {2013},
OPTkey = {•},
volume = {341},
OPTnumber = {•},
pages = {292--295},
OPTmonth = {•},
OPTnote = {•},
OPTannote = {•}
}

@Article{Rensch1948,
author = {Rensch, B.},
title = {Historical changes correlated with evolutionary changes of body size},
journal = {Evolution},
year = {1948},
OPTkey = {•},
volume = {2},
OPTnumber = {•},
pages = {218--230},
OPTmonth = {•},
OPTnote = {•},
OPTannote = {•}
}

@article{Harmon2008,
author = {Harmon, Luke J. and Weir, Jason T. and Brock, Chad D. and Glor, Richard E. and Challenger, Wendell}, 
title = {GEIGER: investigating evolutionary radiations},
volume = {24}, 
number = {1}, 
pages = {129--131}, 
year = {2008}, 
doi = {10.1093/bioinformatics/btm538}, 
eprint = {http://bioinformatics.oxfordjournals.org/content/24/1/129.full.pdf+html}, 
journal = {Bioinformatics} 
}


%% Model adequacy
@article{Felsenstein1985,
	Author = {Felsenstein, Joseph},
	Journal = {The American Naturalist},
	Number = {1},
	Pages = {1--15},
	Title = {Phylogenies and the Comparative Method},
	Volume = {125},
	Year = {1985}}


	
@article {Boettiger2012,
author = {Boettiger, Carl and Coop, Graham and Ralph, Peter},
title = {Is your phylogeny informative? measuring the power of comparative methods},
journal = {Evolution},
volume = {66},
number = {7},
publisher = {Blackwell Publishing Inc},
issn = {1558-5646},
url = {http://dx.doi.org/10.1111/j.1558-5646.2011.01574.x},
doi = {10.1111/j.1558-5646.2011.01574.x},
pages = {2240--2251},
keywords = {Comparative method, information criteria, model choice, parametric bootstrap, phylogenetics},
year = {2012},
}


@article{Akaike1974,
	Author = {Akaike, H.},
	Doi = {10.1109/TAC.1974.1100705},
	Journal = {Automatic Control, IEEE Transactions on},
	Month = {dec},
	Number = {6},
	Pages = {716--723},
	Title = {A new look at the statistical model identification},
	Volume = {19},
	Year = {1974},
	Bdsk-Url-1 = {http://dx.doi.org/10.1109/TAC.1974.1100705}}

@article{Schwarz1978,
	Author = {Schwarz, Gideon},
	Journal = {Annals of Statisitcs},
	Number = {2},
	Pages = {461--464},
	Title = {Estimating the Dimension of a Model},
	Volume = {6},
	Year = {1978}}

@article{Eastman2011,
	Author = {Eastman, Jonathan M. and Alfaro, Michael E. and Joyce, Paul and Hipp, Andrew L. and Harmon, Luke J.},
	Doi = {10.1111/j.1558-5646.2011.01401.x},
	Journal = {Evolution},
	Number = {12},
	Pages = {3578--3589},
	Title = {A Novel Comparative Method for Identifying Shifts in the Rate of Character Evolution on Trees},
	Volume = {65},
	Year = {2011},
	Bdsk-Url-1 = {http://dx.doi.org/10.1111/j.1558-5646.2011.01401.x}}


@Manual{R,
    title = {R: A Language and Environment for Statistical Computing},
    author = {{R Development Core Team}},
    organization = {R Foundation for Statistical Computing},
    address = {Vienna, Austria},
    year = {2013},
    note = {{ISBN} 3-900051-07-0},
    url = {http://www.R-project.org/},
  }


@article{Green1995,
author = {Green, Peter J}, 
title = {Reversible jump Markov chain Monte Carlo computation and Bayesian model determination}, 
volume = {82}, 
number = {4}, 
pages = {711-732}, 
year = {1995}, 
doi = {10.1093/biomet/82.4.711}, 
URL = {http://biomet.oxfordjournals.org/content/82/4/711.abstract}, 
eprint = {http://biomet.oxfordjournals.org/content/82/4/711.full.pdf+html}, 
journal = {Biometrika} 
}

@Book{Thompson1975,
author = {Thompson, Elizabeth A},
ALTeditor = {•},
title = {Human Evolutionary Trees},
publisher = {Cambridge University Press},
year = {1975},
OPTkey = {•},
OPTvolume = {•},
OPTnumber = {•},
OPTseries = {•},
OPTaddress = {•},
OPTedition = {•},
OPTmonth = {•},
OPTnote = {•},
OPTannote = {•}
}

@article{Kass1995,
author = {Kass, Robert E. and Raftery, Adrian E.},
title = {Bayes Factors},
journal = {Journal of the American Statistical Association},
volume = {90},
number = {430},
pages = {773-795},
year = {1995},
doi = {10.1080/01621459.1995.10476572},

URL = {http://amstat.tandfonline.com/doi/abs/10.1080/01621459.1995.10476572},
eprint = {http://amstat.tandfonline.com/doi/pdf/10.1080/01621459.1995.10476572}
}




@InCollection{Edwards1964,
author = {Edwards, A W F and Cavalli-Sforza, Luca L},
title = {Reconstruction of evolutionary trees},
booktitle = {Phenetic and phylogenetic classification},
OPTcrossref = {•},
OPTkey = {•},
pages = {67--76},
publisher = {Systematics Association, London},
year = {1964},
editor = {W.H. Heywood and J. McNeill},
OPTvolume = {•},
OPTnumber = {•},
OPTseries = {},
OPTtype = {•},
OPTchapter = {•},
OPTaddress = {•},
OPTedition = {•},
OPTmonth = {•},
OPTnote = {•},
OPTannote = {•}
}


@article{ButlerKing2004,
	Author = {Butler, Marguerite A. and King, Aaron A.},
	Journal = {The American Naturalist},
	Number = {6},
	Pages = {683--695},
	Title = {Phylogenetic Comparative Analysis: A Modeling Approach for Adaptive Evolution.},
	Volume = {164},
	Year = {2004}}	}



@article{Harmon2010,
	Author = {Harmon, Luke J and Losos, Jonathan B and Jonathan Davies, T and Gillespie, Rosemary G and Gittleman, John L and Bryan Jennings, W and Kozak, Kenneth H and McPeek, Mark A and Moreno-Roark, Franck and Near, Thomas J and Purvis, Andy and Ricklefs, Robert E and Schluter, Dolph and Schulte II, James A and Seehausen, Ole and Sidlauskas, Brian L and Torres-Carvajal, Omar and Weir, Jason T and Mooers, Arne {\O}},
	Doi = {10.1111/j.1558-5646.2010.01025.x},
	Journal = {Evolution},
	Number = {8},
	Pages = {2385--2396},
	Title = {Early Bursts of Body Size and Shape Evolution are Rare in Comparative Data},
	Volume = {64},
	Year = {2010},
	Bdsk-Url-1 = {http://dx.doi.org/10.1111/j.1558-5646.2010.01025.x}}
	
@article{Blomberg2003,
	Author = {Blomberg, Simon P. and Garland, Theodore and Ives, Anthony R.},
	Doi = {10.1111/j.0014-3820.2003.tb00285.x},
	Journal = {Evolution},
	Number = {4},
	Pages = {717--745},
	Title = {Testing for Phylogenetic Signal in Comparative Data: Behavioral Traits are More Labile},
	Volume = {57},
	Year = {2003},
	Bdsk-Url-1 = {http://dx.doi.org/10.1111/j.0014-3820.2003.tb00285.x}}

@article{Lande1976,
     jstor_articletype = {research-article},
     title = {Natural Selection and Random Genetic Drift in Phenotypic Evolution},
     author = {Lande, Russell},
     journal = {Evolution},
     jstor_issuetitle = {},
     volume = {30},
     number = {2},
     jstor_formatteddate = {Jun., 1976},
     pages = {314--334},
     url = {http://www.jstor.org/stable/2407703},
     ISSN = {00143820},
     year = {1976},
     publisher = {Society for the Study of Evolution},
     copyright = {Copyright © 1976 Society for the Study of Evolution},
    }

@article {IngramMahler2013,
author = {Ingram, Travis and Mahler, D. Luke},
title = {{SURFACE}: detecting convergent evolution from comparative data by fitting {O}rnstein-{U}hlenbeck models with stepwise {AIC}},
journal = {Methods in Ecology and Evolution},
issn = {2041-210X},
url = {http://dx.doi.org/10.1111/2041-210X.12034},
doi = {10.1111/2041-210X.12034},
pages = {416--425},
volume={4},
number={5},
year = {2013},
}



@Article{Felsenstein1973,
author = {Felsenstein, Joseph},
title = {Maximum-likelihood Estimation of Evolutionary Trees from Continuous Characters},
journal = {American Journal of Human Genetics},
year = {1973},
OPTkey = {•},
volume = {25},
OPTnumber = {•},
pages = {471-492},
OPTmonth = {•},
OPTnote = {•},
OPTannote = {•}
}

@article{Venditti2011,
	Author = {Venditti, Chris and Meade, Andrew and Pagel, Mark},
	Date = {2011/11/17/print},
	Date-Added = {2012-09-21 14:04:24 -0400},
	Date-Modified = {2012-09-21 14:04:35 -0400},
	Day = {17},
	Isbn = {0028-0836},
	Journal = {Nature},
	L3 = {http://www.nature.com/nature/journal/v479/n7373/abs/nature10516.html#supplementary-information},
	M3 = {10.1038/nature10516},
	Month = {11},
	Number = {7373},
	Pages = {393--396},
	Publisher = {Nature Publishing Group, a division of Macmillan Publishers Limited. All Rights Reserved.},
	Title = {Multiple routes to mammalian diversity},
	Ty = {JOUR},
	Volume = {479},
	Year = {2011},
	Bdsk-Url-1 = {http://dx.doi.org/10.1038/nature10516}}
	
@article{Thomas2006,
	Author = {Thomas, Gavin H and Freckleton, Robert P and Sz\'{e}kely, T},
	Doi = {10.1098/rspb.2006.3488},
	Journal = {Proceedings of the Royal Society B: Biological Sciences},
	Number = {1594},
	Pages = {1619--1624},
	Title = {Comparative analyses of the influence of developmental mode on phenotypic diversification rates in shorebirds},
	Volume = {273},
	Year = {2006},
	Bdsk-Url-1 = {http://dx.doi.org/10.1098/rspb.2006.3488}}
	
@article{Hunt2006,
	Author = {Hunt, Gene},
	Booktitle = {Paleobiology},
	Da = {2006/12/01},
	Date = {2006/12/01},
	Date-Added = {2012-11-14 17:51:27 -0500},
	Date-Modified = {2012-11-14 17:51:35 -0500},
	Doi = {10.1666/05070.1},
	Isbn = {0094-8373},
	Journal = {Paleobiology},
	Journal1 = {Paleobiology},
	M3 = {doi: 10.1666/05070.1},
	Month = {2012/11/14},
	Number = {4},
	Pages = {578--601},
	Publisher = {The Paleontological Society},
	Title = {Fitting and comparing models of phyletic evolution: random walks and beyond},
	Ty = {JOUR},
	Url = {http://www.psjournals.org/doi/abs/10.1666/05070.1},
	Volume = {32},
	Year = {2006},
	Year1 = {2006},
	Bdsk-Url-1 = {http://www.psjournals.org/doi/abs/10.1666/05070.1},
	Bdsk-Url-2 = {http://dx.doi.org/10.1666/05070.1}}
	


@article {SlaterMEE,
author = {Slater, Graham J.},
title = {Phylogenetic evidence for a shift in the mode of mammalian body size evolution at the Cretaceous-Palaeogene boundary},
journal = {Methods in Ecology and Evolution},
volume = {4},
number = {8},
issn = {2041-210X},
url = {http://dx.doi.org/10.1111/2041-210X.12084},
doi = {10.1111/2041-210X.12084},
pages = {734--744},
keywords = {Brownian motion, body size, comparative methods, evolutionary rates, fossils, macroevolution, mammals, Ornstein–Uhlenbeck},
year = {2013},
}


@article {Motmot,
author = {Thomas, Gavin H. and Freckleton, Robert P.},
title = {{MOTMOT}: models of trait macroevolution on trees},
journal = {Methods in Ecology and Evolution},
volume = {3},
number = {1},
publisher = {Blackwell Publishing Ltd},
issn = {2041-210X},
url = {http://dx.doi.org/10.1111/j.2041-210X.2011.00132.x},
doi = {10.1111/j.2041-210X.2011.00132.x},
pages = {145--151},
keywords = {comparative analysis, evolutionary biology, macroevolution},
year = {2012},
}				  	

@article{kleyer2008,
  title={The {LEDA} Traitbase: a database of life-history traits of the Northwest European flora},
  author={Kleyer, Michael and Bekker, RM and Knevel, IC and Bakker, JP and Thompson, K and Sonnenschein, M and Poschlod, P and Van Groenendael, JM and Klime{\v{s}}, L and Klime{\v{s}}ov{\'a}, J and others},
  journal={Journal of Ecology},
  volume={96},
  number={6},
  pages={1266--1274},
  year={2008},
  publisher={Wiley Online Library}
}

@article{wright2004,
  title={The worldwide leaf economics spectrum},
  author={Wright, Ian J and Reich, Peter B and Westoby, Mark and Ackerly, David D and Baruch, Zdravko and Bongers, Frans and Cavender-Bares, Jeannine and Chapin, Terry and Cornelissen, Johannes HC and Diemer, Matthias and Flexas, J. and Garnier, E. and Groom, P. K. and Gulias, J. and Hikosaka, K. and Lamont, Byron B. and Lee, Tali and Lee, William and Lusk, C. and Midgley, J. J. and Navas, M. and Niinemets, U. and Oleksyn, J. and Osada, N. and Poorter, H. and Poot, P. and Prior, L. and Pyankov, V. I. and Roumet, C. and Thomas, S. C. and Tjoelker, M. G. and Veneklass, E. J. and Villar, R.},
  journal={Nature},
  volume={428},
  number={6985},
  pages={821--827},
  year={2004},
  publisher={Nature Publishing Group}
}

@manual{kew2008,
  title={Seed Information Database (SID), Version 7.1, Accessed 25 March},
  author={{Royal Botanical Gardens, Kew}},
  year={2014},
  note={http://data.kew.org/sid}
}

@book{Gelmanbook,
 title={Bayesian Data Analysis. 2nd Edition},
 year={2003},
 publisher={Chapman \& Hall/CRC},
 author={Gelman, Andrew and Carlin, John B. and Stern, Hal S. and Rubin, Donald B.}
}

@article{Omeara2012,
author = {O'Meara, Brian C.},
title = {Evolutionary Inferences from Phylogenies: A Review of Methods},
journal = {Annual Review of Ecology, Evolution, and Systematics},
volume = {43},
number = {1},
pages = {267--285},
year = {2012},
doi = {10.1146/annurev-ecolsys-110411-160331},

URL = {http://www.annualreviews.org/doi/abs/10.1146/annurev-ecolsys-110411-160331},
eprint = {http://www.annualreviews.org/doi/pdf/10.1146/annurev-ecolsys-110411-160331}
}

@article {PennellHarmon,
author = {Pennell, Matthew W. and Harmon, Luke J.},
title = {An integrative view of phylogenetic comparative methods: connections to population genetics, community ecology, and paleobiology},
journal = {Annals of the New York Academy of Sciences},
volume = {1289},
number = {1},
issn = {1749-6632},
url = {http://dx.doi.org/10.1111/nyas.12157},
doi = {10.1111/nyas.12157},
pages = {90--105},
keywords = {macroevolution, phylogenies, fossils},
year = {2013},
}


@article{Mooers1999,
Author = {Mooers, Arne {\O}. and Vamosi,, Steven M. and Schluter, Dolph},
Journal = {The American Naturalist},
Number = {2},
Pages = {249--259},
Title = {Using Phylogenies to Test Macroevolutionary Hypotheses of Trait Evolution in Cranes (Gruinae).},
Volume = {154},
Year = {1999}}

@article{Schluter1997,
     jstor_articletype = {research-article},
     title = {Likelihood of Ancestor States in Adaptive Radiation},
     author = {Schluter, Dolph and Price, Trevor and Mooers, Arne {\O}. and Ludwig, Donald},
     journal = {Evolution},
     jstor_issuetitle = {},
     volume = {51},
     number = {6},
     jstor_formatteddate = {Dec., 1997},
     pages = {1699--1711},
     url = {http://www.jstor.org/stable/2410994},
     ISSN = {00143820},
     year = {1997},
     publisher = {Society for the Study of Evolution},
     copyright = {Copyright © 1997 Society for the Study of Evolution},
}

@article{Huelsenbeck2003,
author = {Huelsenbeck, John P. and Nielsen, Rasmus and Bollback, Jonathan P.}, 
title = {Stochastic Mapping of Morphological Characters},
volume = {52}, 
number = {2}, 
pages = {131--158}, 
year = {2003}, 
doi = {10.1080/10635150390192780}, 
URL = {http://sysbio.oxfordjournals.org/content/52/2/131.abstract}, 
eprint = {http://sysbio.oxfordjournals.org/content/52/2/131.full.pdf+html}, 
journal = {Systematic Biology} 
}


@article{Losos2011,
     jstor_articletype = {research-article},
     title = {Seeing the Forest for the Trees: The Limitations of Phylogenies in Comparative Biology.},
     author = {Losos, Jonathan B.},
     journal = {The American Naturalist},
     jstor_issuetitle = {},
     volume = {177},
     number = {6},
     jstor_formatteddate = {June 2011},
     pages = {709--727},
     url = {http://www.jstor.org/stable/10.1086/660020},
     ISSN = {00030147},
     year = {2011},
     publisher = {The University of Chicago Press for The American Society of Naturalists},
     copyright = {Copyright © 2011 The University of Chicago},
    }

@book{Nunnbook,
title={The comparative approach in evolutionary anthropology and biology},
author={Charles L. Nunn},
publisher={University of Chicago Press},
year={2011}
}

@article{Mayfield2010,
author = {Mayfield, Margaret M. and Levine, Jonathan M.},
title = {Opposing effects of competitive exclusion on the phylogenetic structure of communities},
journal = {Ecology Letters},
volume = {13},
number = {9},
publisher = {Blackwell Publishing Ltd},
issn = {1461-0248},
url = {http://dx.doi.org/10.1111/j.1461-0248.2010.01509.x},
doi = {10.1111/j.1461-0248.2010.01509.x},
pages = {1085--1093},
keywords = {Coexistence, community assembly, competitive ability/fitness differences, competitive exclusion, niches, phylogenetics, regional species pool},
year = {2010},
}

@article{Webb2002,
     jstor_articletype = {research-article},
     title = {Phylogenies and Community Ecology},
     author = {Webb, Campbell O. and Ackerly, David D. and McPeek, Mark A. and Donoghue, Michael J.},
     journal = {Annual Review of Ecology and Systematics},
     jstor_issuetitle = {},
     volume = {33},
     number = {},
     jstor_formatteddate = {2002},
     pages = {475--505},
     url = {http://www.jstor.org/stable/3069271},
     ISSN = {00664162},
     year = {2002},
     publisher = {Annual Reviews},
     copyright = {Copyright © 2002 Annual Reviews},
    }


@Book{ggplot2,
    author = {Hadley Wickham},
    title = {ggplot2: elegant graphics for data analysis},
    publisher = {Springer New York},
    year = {2009},
    isbn = {978-0-387-98140-6},
    url = {http://had.co.nz/ggplot2/book},
  }

@article{Freckletoninaction,
title = "Missing inaction: the dangers of ignoring missing data ",
journal = "Trends in Ecology \& Evolution ",
volume = "23",
number = "11",
pages = "592--596",
year = "2008",
note = "",
issn = "0169-5347",
doi = "http://dx.doi.org/10.1016/j.tree.2008.06.014",
url = "http://www.sciencedirect.com/science/article/pii/S0169534708002772",
author = "Shinichi Nakagawa and Robert P. Freckleton"
}

@article{PennellPE,
title = "Is there room for punctuated equilibrium in macroevolution? ",
journal = "Trends in Ecology \& Evolution",
volume = "29",
number = "1",
pages = "23--32",
year = "2014",
note = "",
issn = "0169-5347",
doi = "http://dx.doi.org/10.1016/j.tree.2013.07.004",
url = "http://www.sciencedirect.com/science/article/pii/S0169534713001997",
author = "Matthew W. Pennell and Luke J. Harmon and Josef C. Uyeda",
}

@article {HarmonLosos2005,
author = {Harmon, Luke J. and Losos, Jonathan B.},
title = {The effect of intraspecific sample size on type-I and type-II error rates in comparative studies},
journal = {Evolution},
volume = {59},
number = {12},
publisher = {Blackwell Publishing Ltd},
issn = {1558-5646},
url = {http://dx.doi.org/10.1111/j.0014-3820.2005.tb00981.x},
doi = {10.1111/j.0014-3820.2005.tb00981.x},
pages = {2705--2710},
keywords = {Independent contrasts, measurement error, phylogenetic comparative method, population variation, statistics},
year = {2005},
}

@article{Ane2008,
     jstor_articletype = {research-article},
     title = {Analysis of Comparative Data with Hierarchical Autocorrelation},
     author = {An\'{e}, C\{e}cile},
     journal = {The Annals of Applied Statistics},
     jstor_issuetitle = {},
     volume = {2},
     number = {3},
     jstor_formatteddate = {Sep., 2008},
     pages = {1078--1102},
     url = {http://www.jstor.org/stable/30245121},
     ISSN = {19326157},
     year = {2008},
     publisher = {Institute of Mathematical Statistics},
     copyright = {Copyright © 2008 Institute of Mathematical Statistics},
    }


@article {RevellReynolds2012,
author = {Revell, Liam J. and Reynolds, G. R.},
title = {A new bayesian method for fitting evolutionary models to comparative data with intraspecific variation},
journal = {Evolution},
volume = {66},
number = {9},
publisher = {Blackwell Publishing Inc},
issn = {1558-5646},
url = {http://dx.doi.org/10.1111/j.1558-5646.2012.01645.x},
doi = {10.1111/j.1558-5646.2012.01645.x},
pages = {2697--2707},
keywords = {Comparative method, interspecific data, phylogenetic tree},
year = {2012},
}


@article{HoAne2012,
author={Ho, Lam Si Tung and An\'{e}, C\'{e}cile},
title={Asymptotic theory with hierarchecal autocorrelation: Ornstein-Uhlenbeck tree models},
journal={Annals of Statistics},
volume={41},
year={2013},
pages={957--981}
}



@article{Etienne2012,
     jstor_articletype = {research-article},
     title = {A Conceptual and Statistical Framework for Adaptive Radiations with a Key Role for Diversity Dependence.},
     author = {Etienne, Rampal S. and Haegeman, Bart},
     journal = {The American Naturalist},
     jstor_issuetitle = {},
     volume = {180},
     number = {4},
     jstor_formatteddate = {October 2012},
     pages = {E75--E89},
     url = {http://www.jstor.org/stable/10.1086/667574},
     ISSN = {00030147},
     year = {2012},
     publisher = {The University of Chicago Press for The American Society of Naturalists},
     copyright = {Copyright © 2012 The University of Chicago},
    }

@article{Stadler2011,
author = {Stadler, Tanja}, 
title = {Mammalian phylogeny reveals recent diversification rate shifts},
volume = {108}, 
number = {15}, 
pages = {6187--6192}, 
year = {2011}, 
doi = {10.1073/pnas.1016876108}, 
URL = {http://www.pnas.org/content/108/15/6187.abstract}, 
eprint = {http://www.pnas.org/content/108/15/6187.full.pdf+html}, 
journal = {Proceedings of the National Academy of Sciences} 
}


@article{ReadNee1995,
title = "Inference from binary comparative data ",
journal = "Journal of Theoretical Biology ",
volume = "173",
number = "1",
pages = "99--108",
year = "1995",
note = "",
issn = "0022-5193",
doi = "http://dx.doi.org/10.1006/jtbi.1995.0047",
url = "http://www.sciencedirect.com/science/article/pii/S0022519385700471",
author = "Andrew F. Read and Sean Nee"
}


@book{HarveyPagel1991,
title={The comparative method in evolutionary biology},
author={Harvey, Paul H. and Pagel, Mark D.},
publisher={Oxford University Press},
year={1991}
}

@article{Grafen1989,
     jstor_articletype = {research-article},
     title = {The Phylogenetic Regression},
     author = {Grafen, A.},
     journal = {Philosophical Transactions of the Royal Society of London. Series B, Biological Sciences},
     jstor_issuetitle = {},
     volume = {326},
     number = {1233},
     jstor_formatteddate = {Dec. 21, 1989},
     pages = {119--157},
     url = {http://www.jstor.org/stable/2396904},
     ISSN = {00804622},
     year = {1989},
     publisher = {The Royal Society},
     copyright = {Copyright © 1989 The Royal Society},
}

@book{Kimura1983,
title={The neutral theory of molecular evolution},
author={Kimura, Motoo},
publisher={Cambridge University Press},
year={1983}
}

@book{Wakeley2008,
title={Coalescent Theory: An Introduction},
author={John Wakeley},
publisher={Roberts \& Company Publishers},
year={2008}
}


 @article{Felsenstein1988,
     jstor_articletype = {research-article},
     title = {Phylogenies and Quantitative Characters},
     author = {Felsenstein, Joseph},
     journal = {Annual Review of Ecology and Systematics},
     jstor_issuetitle = {},
     volume = {19},
     number = {},
     jstor_formatteddate = {1988},
     pages = {445--471},
     url = {http://www.jstor.org/stable/2097162},
     ISSN = {00664162},
     year = {1988},
     publisher = {Annual Reviews},
     copyright = {Copyright © 1988 Annual Reviews},
 }



@article{Pagel1999,
author={Mark Pagel},
title={Inferring the historical patterns of biological evolution},
journal={Nature},
volume={401},
pages={877--884},
year={1999}
}

@article{Freckleton2011,
     jstor_articletype = {research-article},
     title = {Comparative Methods as a Statistical Fix: The Dangers of Ignoring an Evolutionary Model.},
     author = {Freckleton, Rob P. and Cooper,, Natalie and Jetz, Walter},
     journal = {The American Naturalist},
     jstor_issuetitle = {},
     volume = {178},
     number = {1},
     jstor_formatteddate = {July 2011},
     pages = {E10--E17},
     url = {http://www.jstor.org/stable/10.1086/660272},
     ISSN = {00030147},
     year = {2011},
     publisher = {The University of Chicago Press for The American Society of Naturalists},
     copyright = {Copyright © 2011 The University of Chicago},
}


@article {Rohlf2001,
author = {Rohlf, F. James},
title = {Comparative methods for the analysis of continuous variables: geometric interpretations},
journal = {Evolution},
volume = {55},
number = {11},
publisher = {Blackwell Publishing Ltd},
issn = {1558-5646},
url = {http://dx.doi.org/10.1111/j.0014-3820.2001.tb00731.x},
doi = {10.1111/j.0014-3820.2001.tb00731.x},
pages = {2143--2160},
keywords = {Autoregressive models, comparative method, generalized least-squares, independent contrasts, maximum likelihood, phylogenetic autocorrelation, phylogeny, regression.},
year = {2001},
}

@article{Coopermammal,
     jstor_articletype = {research-article},
     title = {Body Size Evolution in Mammals: Complexity in Tempo and Mode.},
     author = {Natalie Cooper and Andy Purvis},
     journal = {The American Naturalist},
     jstor_issuetitle = {},
     volume = {175},
     number = {6},
     jstor_formatteddate = {June 2010},
     pages = {727--738},
     url = {http://www.jstor.org/stable/10.1086/652466},
     ISSN = {00030147},
     year = {2010},
     publisher = {The University of Chicago Press for The American Society of Naturalists},
     copyright = {Copyright © 2010 The University of Chicago},
 }

@article{Jetz2012,
author={Jetz, Walter and Thomas, Gavin H. and Joy, Jeffery B. and Hartmann, Klaus and Mooers, Arne {\O}},
title={The global diversity of birds in space and time},
year={2012},
journal={Nature},
volume={491},
pages={444-448}
}

@Article{Rabosky2013,
author = {Rabosky, Daniel L. and Santini, Francesco and Eastman, Jonathan and Smith, Stephen A. and Sidlauskus, Brian and Chang, Jonathan and Alfaro, Michael E.},
title = {Rates of speciation and morphological evolution are correlated across the largest vertebrate radiation},
journal = {Nature Communications},
year = {2013},
OPTkey = {•},
volume = {4},
OPTnumber = {•},
pages = {1958},
OPTmonth = {•},
OPTnote = {•},
OPTannote = {•}
}


@article{ksi,
author={Cornwell, William K. and Westoby, Mark and Falster, Daniel S. and FitzJohn, Richard G. and O'Meara, Brian C. and Pennell, Matthew W. and McGlinn, Daniel J. and Eastman, J.M. and Moles, Angela T. and Reich, Peter B. and Tank, David C. and Wright, Ian J. and Aarssen, Lonnie and Beaulieu, Jeremy M. and Kooyman, Robert M. and Leishman, Michelle R. and Miller, Eliot T. and Niinemets, Ulo and Oleksyn, Jacek and Ordonez, Alejandro and Royer, Dana L. and Smith, Stephen A. and Stevens, Peter F. and Warman, Laura and Wilf, Peter and Zanne, Amy E.},
title={Functional distinctiveness of major plant lineages},
year={2014},
journal={Journal of Ecology},
volume={102},
pages={345--356}
}



@article {PyronBurbrink2013,
author = {Pyron, R. Alexander and Burbrink, Frank T.},
title = {Early origin of viviparity and multiple reversions to oviparity in squamate reptiles},
journal = {Ecology Letters},
issn = {1461-0248},
url = {http://dx.doi.org/10.1111/ele.12168},
doi = {10.1111/ele.12168},
volume={17},
pages = {13--21},
keywords = {BiSSE, ecological specialisation, ecophysiology, egg laying, evolutionary reversals, live birth, parity mode, squamata},
year = {2014},
}


@article{GautLewis1995,
author = {Gaut, B S and Lewis, P O}, 
title = {Success of maximum likelihood phylogeny inference in the four-taxon case.},
volume = {12}, 
number = {1}, 
pages = {152--62}, 
year = {1995}, 
doi = {10.1093/oxfordjournals.molbev.a040183}, 
URL = {http://mbe.oxfordjournals.org/content/12/1/152.abstract}, 
eprint = {http://mbe.oxfordjournals.org/content/12/1/152.full.pdf+html}, 
journal = {Molecular Biology and Evolution} 
}


@article{SullivanSwofford,
year={1997},
issn={1064-7554},
journal={Journal of Mammalian Evolution},
volume={4},
number={2},
doi={10.1023/A:1027314112438},
title={Are Guinea Pigs Rodents? The Importance of Adequate Models in Molecular Phylogenetics},
url={http://dx.doi.org/10.1023/A%3A1027314112438},
publisher={Kluwer Academic Publishers-Plenum Publishers},
keywords={inconsistency; maximum likelihood; molecular systematics; rodents; rate heterogeneity},
author={Sullivan, Jack and Swofford, DavidL.},
pages={77--86},
}


@article{Goldman,
year={1993},
issn={0022-2844},
journal={Journal of Molecular Evolution},
volume={36},
number={2},
doi={10.1007/BF00166252},
title={Statistical tests of models of DNA substitution},
url={http://dx.doi.org/10.1007/BF00166252},
publisher={Springer-Verlag},
keywords={Phylogenetic inference; Maximum likelihood inference; Evolutionary models; Statistical testing; Hypothesis testing; Molecular clock},
author={Goldman, Nick},
pages={182--198},
}


@article{HuelsenbeckBull1996,
author = {Huelsenbeck, John P. and Bull, J. J.}, 
title = {A Likelihood Ratio Test to Detect Conflicting Phylogenetic Signal},
volume = {45}, 
number = {1}, 
pages = {92--98}, 
year = {1996}, 
doi = {10.1093/sysbio/45.1.92}, 
URL = {http://sysbio.oxfordjournals.org/content/45/1/92.abstract}, 
eprint = {http://sysbio.oxfordjournals.org/content/45/1/92.full.pdf+html}, 
journal = {Systematic Biology} 
}

@article{SandersonKim,
     jstor_articletype = {research-article},
     title = {Parametric Phylogenetics?},
     author = {Sanderson, Michael J. and Kim, Junhyong},
     journal = {Systematic Biology},
     jstor_issuetitle = {},
     volume = {49},
     number = {4},
     jstor_formatteddate = {Dec., 2000},
     pages = {817--829},
     url = {http://www.jstor.org/stable/2585297},
     ISSN = {10635157},
     year = {2000},
     publisher = {Oxford University Press for the Society of Systematic Biologists},
     copyright = {Copyright © 2000 Society of Systematic Biologists},
}


@article{Bollback2002,
author = {Bollback, Jonathan P.}, 
title = {Bayesian Model Adequacy and Choice in Phylogenetics},
volume = {19}, 
number = {7}, 
pages = {1171--1180}, 
year = {2002}, 
URL = {http://mbe.oxfordjournals.org/content/19/7/1171.abstract}, 
eprint = {http://mbe.oxfordjournals.org/content/19/7/1171.full.pdf+html}, 
journal = {Molecular Biology and Evolution} 
}


@article{Ripplinger2010,
author = {Ripplinger, Jennifer and Sullivan, Jack}, 
title = {Assessment of Substitution Model Adequacy Using Frequentist and Bayesian Methods},
volume = {27}, 
number = {12}, 
pages = {2790--2803}, 
year = {2010}, 
doi = {10.1093/molbev/msq168}, 
URL = {http://mbe.oxfordjournals.org/content/27/12/2790.abstract}, 
eprint = {http://mbe.oxfordjournals.org/content/27/12/2790.full.pdf+html}, 
journal = {Molecular Biology and Evolution} 
}


@article{Minin2003,
author = {Minin, Vladimir and Abdo, Zaid and Joyce, Paul and Sullivan, Jack}, 
title = {Performance-Based Selection of Likelihood Models for Phylogeny Estimation},
volume = {52}, 
number = {5}, 
pages = {674--683}, 
year = {2003}, 
doi = {10.1080/10635150390235494}, 
URL = {http://sysbio.oxfordjournals.org/content/52/5/674.abstract}, 
eprint = {http://sysbio.oxfordjournals.org/content/52/5/674.full.pdf+html}, 
journal = {Systematic Biology} 
}


@article{SullivanJoyce2005,
     jstor_articletype = {research-article},
     title = {Model Selection in Phylogenetics},
     author = {Sullivan, Jack and Joyce, Paul},
     journal = {Annual Review of Ecology, Evolution, and Systematics},
     jstor_issuetitle = {},
     volume = {36},
     number = {},
     jstor_formatteddate = {2005},
     pages = {445--466},
     url = {http://www.jstor.org/stable/30033812},
     ISSN = {1543592X},
     year = {2005},
     publisher = {Annual Reviews},
     copyright = {Copyright © 2005 Annual Reviews},
    }

@article{Pagel1993,
title = "Seeking the Evolutionary Regression Coefficient: An Analysis of What Comparative Methods Measure ",
journal = "Journal of Theoretical Biology ",
volume = "164",
number = "2",
pages = "191--205",
year = "1993",
note = "",
issn = "0022-5193",
doi = "http://dx.doi.org/10.1006/jtbi.1993.1148",
url = "http://www.sciencedirect.com/science/article/pii/S0022519383711483",
author = "Mark Pagel"
}

@article{Diaz1996,
author = {D\'{i}az-Uriarte, Ram\'{o}n and Garland, Theodore}, 
title = {Testing Hypotheses of Correlated Evolution Using Phylogenetically Independent Contrasts: Sensitivity to Deviations from {B}rownian {M}otion},
volume = {45}, 
number = {1}, 
pages = {27--47}, 
year = {1996}, 
doi = {10.1093/sysbio/45.1.27}, 
URL = {http://sysbio.oxfordjournals.org/content/45/1/27.abstract}, 
eprint = {http://sysbio.oxfordjournals.org/content/45/1/27.full.pdf+html}, 
journal = {Systematic Biology} 
}


@article{Price1997,
author = {Price, Trevor}, 
title = {Correlated evolution and independent contrasts},
volume = {352}, 
number = {1352}, 
pages = {519--529}, 
year = {1997}, 
doi = {10.1098/rstb.1997.0036}, 
URL = {http://rstb.royalsocietypublishing.org/content/352/1352/519.abstract}, 
eprint = {http://rstb.royalsocietypublishing.org/content/352/1352/519.full.pdf+html}, 
journal = {Philosophical Transactions of the Royal Society of London. Series B: Biological Sciences} 
}

@article{GarlandIves2000,
     jstor_articletype = {research-article},
     title = {Using the Past to Predict the Present: Confidence Intervals for Regression Equations in Phylogenetic Comparative Methods.},
     author = {Garland, Theodore and Ives, Anthony R.},
     journal = {The American Naturalist},
     jstor_issuetitle = {},
     volume = {155},
     number = {3},
     jstor_formatteddate = {March 2000},
     pages = {346--364},
     url = {http://www.jstor.org/stable/10.1086/303327},
     ISSN = {00030147},
     year = {2000},
     publisher = {The University of Chicago Press for The American Society of Naturalists},
     copyright = {Copyright © 2000 The University of Chicago},
}


@article{Hansen2012,
author = {Hansen, Thomas F. and Bartoszek, Krzysztof}, 
title = {Interpreting the Evolutionary Regression: The Interplay Between Observational and Biological Errors in Phylogenetic Comparative Studies},
volume = {61}, 
number = {3}, 
pages = {413--425}, 
year = {2012}, 
doi = {10.1093/sysbio/syr122}, 
URL = {http://sysbio.oxfordjournals.org/content/61/3/413.abstract}, 
eprint = {http://sysbio.oxfordjournals.org/content/61/3/413.full.pdf+html}, 
journal = {Systematic Biology} 
}


@article{AICC,
author={Sugiura, Nariaki},
title={Further analysis of the data by akaike's information criterion and the finite corrections},
journal={Communications in Statistics -- Theory and Methods},
volume={7},
pages={13-26},
year={1978}
}

 @article{Wilkes1938,
     jstor_articletype = {research-article},
     title = {The Large-Sample Distribution of the Likelihood Ratio for Testing Composite Hypotheses},
     author = {Wilks, S. S.},
     journal = {The Annals of Mathematical Statistics},
     jstor_issuetitle = {},
     volume = {9},
     number = {1},
     jstor_formatteddate = {Mar., 1938},
     pages = {60--62},
     url = {http://www.jstor.org/stable/2957648},
     ISSN = {00034851},
     year = {1938},
     publisher = {Institute of Mathematical Statistics},
     copyright = {Copyright © 1938 Institute of Mathematical Statistics},
}


@book{Simpson1944,
	Author = {George Gaylord Simpson},
	Optaddress = {*},
	Optannote = {*},
	Optedition = {*},
	Optkey = {*},
	Optmonth = {*},
	Optnote = {*},
	Optnumber = {*},
	Optseries = {*},
	Optvolume = {*},
	Publisher = {Columbia University Press},
	Title = {Tempo and Mode of Evolution},
	Year = {1944}}


@article{Slater2010,
author = {Slater, Graham J. and Price, Samantha A. and Santini, Francesco and Alfaro, Michael E.}, 
title = {Diversity versus disparity and the radiation of modern cetaceans},
volume = {277}, 
number = {1697}, 
pages = {3097--3104}, 
year = {2010}, 
doi = {10.1098/rspb.2010.0408}, 
URL = {http://rspb.royalsocietypublishing.org/content/277/1697/3097.abstract}, 
eprint = {http://rspb.royalsocietypublishing.org/content/277/1697/3097.full.pdf+html}, 
journal = {Proceedings of the Royal Society B: Biological Sciences} 
}



@article{FreckletonHarvey2006,
    author = {Freckleton, Robert P AND Harvey, Paul H},
    journal = {PLoS Biology},
    publisher = {Public Library of Science},
    title = {Detecting Non-{B}rownian Trait Evolution in Adaptive Radiations},
    year = {2006},
    month = {11},
    volume = {4},
    url = {http://dx.doi.org/10.1371%2Fjournal.pbio.0040373},
    pages = {e373},
    number = {11},
    doi = {10.1371/journal.pbio.0040373}
}        


@article {Fitzjohn2012,
author = {FitzJohn, Richard G.},
title = {Diversitree: comparative phylogenetic analyses of diversification in R},
journal = {Methods in Ecology and Evolution},
volume = {3},
number = {6},
publisher = {Blackwell Publishing Ltd},
issn = {2041-210X},
url = {http://dx.doi.org/10.1111/j.2041-210X.2012.00234.x},
doi = {10.1111/j.2041-210X.2012.00234.x},
pages = {1084--1092},
keywords = {birth–death process, comparative methods, extinction, macroevolution, speciation},
year = {2012},
}


@article{Harmon2003,
author = {Harmon, Luke J. and Schulte, James A. and Larson, Allan and Losos, Jonathan B.}, 
title = {Tempo and Mode of Evolutionary Radiation in Iguanian Lizards},
volume = {301}, 
number = {5635}, 
pages = {961-964}, 
year = {2003}, 
doi = {10.1126/science.1084786}, 
URL = {http://www.sciencemag.org/content/301/5635/961.abstract}, 
eprint = {http://www.sciencemag.org/content/301/5635/961.full.pdf}, 
journal = {Science} 
}

@article{Westoby2002,
     jstor_articletype = {research-article},
     title = {Plant Ecological Strategies: Some Leading Dimensions of Variation between Species},
     author = {Westoby, Mark and Falster, Daniel S. and Moles, Angela T. and Vesk, Peter A. and Wright, Ian J.},
     journal = {Annual Review of Ecology and Systematics},
     jstor_issuetitle = {},
     volume = {33},
     number = {},
     jstor_formatteddate = {2002},
     pages = {125--159},
     url = {http://www.jstor.org/stable/3069259},
     ISSN = {00664162},
     year = {2002},
     publisher = {Annual Reviews},
     copyright = {Copyright © 2002 Annual Reviews},
    }

@article{Westoby1992TREE,
title = "Comparative evolutionary ecology of seed size ",
journal = "Trends in Ecology \& Evolution ",
volume = "7",
number = "11",
pages = "368--372",
year = "1992",
note = "",
issn = "0169-5347",
doi = "http://dx.doi.org/10.1016/0169-5347(92)90006-W",
url = "http://www.sciencedirect.com/science/article/pii/016953479290006W",
author = "Mark Westoby and Enrique Jurado and Michelle Leishman"
}

@article{Moles2005,
author = {Moles, Angela T. and Ackerly, David D. and Webb, Campbell O. and Tweddle, John C. and Dickie, John B. and Westoby, Mark}, 
title = {A Brief History of Seed Size},
volume = {307}, 
number = {5709}, 
pages = {576--580}, 
year = {2005}, 
doi = {10.1126/science.1104863}, 
URL = {http://www.sciencemag.org/content/307/5709/576.abstract}, 
eprint = {http://www.sciencemag.org/content/307/5709/576.full.pdf}, 
journal = {Science} 
}

@article{Blomberg2012,
author = {Blomberg, Simon P. and Lefevre, James G. and Wells, Jessie A. and Waterhouse, Mary}, 
title = {Independent Contrasts and PGLS Regression Estimators Are Equivalent},
volume = {61}, 
number = {3}, 
pages = {382-391}, 
year = {2012}, 
doi = {10.1093/sysbio/syr118}, 
URL = {http://sysbio.oxfordjournals.org/content/61/3/382.abstract}, 
eprint = {http://sysbio.oxfordjournals.org/content/61/3/382.full.pdf+html}, 
journal = {Systematic Biology} 
}

@article{Garland1992,
author = {Garland, Theodore and Harvey, Paul H. and Ives, Anthony R.}, 
title = {Procedures for the Analysis of Comparative Data Using Phylogenetically Independent Contrasts},
volume = {41}, 
number = {1}, 
pages = {18--32}, 
year = {1992}, 
doi = {10.1093/sysbio/41.1.18}, 
URL = {http://sysbio.oxfordjournals.org/content/41/1/18.abstract}, 
eprint = {http://sysbio.oxfordjournals.org/content/41/1/18.full.pdf+html}, 
journal = {Systematic Biology} 
}


@article{Garland1993,
author = {Garland, Theodore and Dickerman, Allan W. and Janis, Christine M. and Jones, Jason A.}, 
title = {Phylogenetic Analysis of Covariance by Computer Simulation},
volume = {42}, 
number = {3}, 
pages = {265--292}, 
year = {1993}, 
doi = {10.1093/sysbio/42.3.265}, 
URL = {http://sysbio.oxfordjournals.org/content/42/3/265.abstract}, 
eprint = {http://sysbio.oxfordjournals.org/content/42/3/265.full.pdf+html}, 
journal = {Systematic Biology} 
}


@misc{Midford2005,
author={Midford, Peter E and Garland, Theodore and Maddison, Wayne P},
title={PDAP package of Mesquite},
year={2005}
}

@article{MajoramJoyce,
author={Joyce, Paul and Majoram, Paul},
title={Approximately sufficient statistics and bayesian computation},
journal={Statistical applications in genetics and molecular biology},
volume={7},
pages={1--16},
year={2008}
}

@article{Wegmann2010,
author = {Leuenberger, Christoph and Wegmann, Daniel}, 
title = {Bayesian Computation and Model Selection Without Likelihoods},
volume = {184}, 
number = {1}, 
pages = {243-252}, 
year = {2010}, 
doi = {10.1534/genetics.109.109058}, 
URL = {http://www.genetics.org/content/184/1/243.abstract}, 
eprint = {http://www.genetics.org/content/184/1/243.full.pdf+html}, 
journal = {Genetics} 
}


@article{HoAne2013,
author={Ho, Lam Si Tung and An\'{e}, C\'{e}cile},
title={A linear-time algorithm for {G}aussian and non-{G}aussian trait evolution models},
journal={Systematic Biology},
year={in press}
}



@InCollection{Piazza1975,
author={Piazza, A and Cavalli-Sforza, L. L.},
title = {Spectral analysis of patterned covarianc matrices and evolutionary relationships},
booktitle = {Proceedings of the eighth international conference on numerical taxonomy},
OPTcrossref = {•},
OPTkey = {•},
pages = {76-105},
publisher = {W.H. Freeman},
year = {1975},
editor = {GF Estabrook},
OPTvolume = {•},
OPTnumber = {•},
OPTseries = {•},
OPTtype = {•},
OPTchapter = {•},
OPTaddress = {•},
OPTedition = {•},
OPTmonth = {•},
OPTnote = {•},
OPTannote = {•}
}

@article {Revell2012,
author = {Revell, Liam J. and Mahler, D. Luke and Peres-Neto, Pedro R. and Redelings, Benjamin D.},
title = {A new phylogenetic method for identifying exceptional phenotypic diversification},
journal = {Evolution},
volume = {66},
number = {1},
publisher = {Blackwell Publishing Inc},
issn = {1558-5646},
url = {http://dx.doi.org/10.1111/j.1558-5646.2011.01435.x},
doi = {10.1111/j.1558-5646.2011.01435.x},
pages = {135--146},
keywords = {Adaptive radiation, Bayesian, comparative method, Markov chain, phenotypic evolution, phylogenetics, rates of evolution},
year = {2012},
}

@article{UyedaBayou,
author={Uyeda, Josef C. and Harmon, Luke J.},
title={Bayesian reversible-jump modeling of adaptive shifts for studying macroevolutionary patterns of trait evolution},
year={2014},
journal={Systematic Biology},
note={DOI: 10.1093/sysbio/syu057}
}

@article {Revell2010,
author = {Revell, Liam J.},
title = {Phylogenetic signal and linear regression on species data},
journal = {Methods in Ecology and Evolution},
volume = {1},
number = {4},
publisher = {Blackwell Publishing Ltd},
issn = {2041-210X},
url = {http://dx.doi.org/10.1111/j.2041-210X.2010.00044.x},
doi = {10.1111/j.2041-210X.2010.00044.x},
pages = {319--329},
keywords = {comparative method, interspecific data, least squares, type I error},
year = {2010},
}


@article {Hansen2008,
author = {Hansen, Thomas F. and Pienaar, Jason and Orzack, Steven Hecht},
title = {A Comparative Method for Stuyding Adaptation to a Randomly Evolving Environment},
journal = {Evolution},
volume = {62},
number = {8},
publisher = {Blackwell Publishing Inc},
issn = {1558--5646},
url = {http://dx.doi.org/10.1111/j.1558-5646.2008.00412.x},
doi = {10.1111/j.1558-5646.2008.00412.x},
pages = {1965--1977},
keywords = {Adaptation, maladaptation, optimality, Ornstein–Uhlenbeck process, phylogenetic comparative method, phylogenetic effect, phylogenetic inertia},
year = {2008},
}

@article {Hadfield2010,
author = {Hadfield, J. D. and Nakagawa, S.},
title = {General quantitative genetic methods for comparative biology: phylogenies, taxonomies and multi-trait models for continuous and categorical characters},
journal = {Journal of Evolutionary Biology},
volume = {23},
number = {3},
publisher = {Blackwell Publishing Ltd},
issn = {1420-9101},
url = {http://dx.doi.org/10.1111/j.1420-9101.2009.01915.x},
doi = {10.1111/j.1420-9101.2009.01915.x},
pages = {494--508},
keywords = {comparative method, meta-analysis, pedigree, phylogeny, quantitative genetics},
year = {2010},
}

@article{Lynch1991,
     jstor_articletype = {research-article},
     title = {Methods for the Analysis of Comparative Data in Evolutionary Biology},
     author = {Lynch, Michael},
     journal = {Evolution},
     jstor_issuetitle = {},
     volume = {45},
     number = {5},
     jstor_formatteddate = {Aug., 1991},
     pages = {1065--1080},
     url = {http://www.jstor.org/stable/2409716},
     ISSN = {00143820},
     year = {1991},
     publisher = {Society for the Study of Evolution},
     copyright = {Copyright © 1991 Society for the Study of Evolution},
    }

@article{Rohlf2006,
author={Rohlf, F. J.},
title={A comment on phylogenetic regression},
journal={Evolution},
volume={60},
pages={1509--1515},
year={2006}
}

@book{Rao1999,
author={Rao, C.R. and Toutenburg, H.},
year={1999},
title={Linear models: least squares and alternatives},
publisher={Springer}
}

@article{Rubin1984,
author={Rubin, D.B.},
title={Bayesian justifiable and relevant frequency calculations for the applied statistician},
journal={Annals of statistics},
volume={12},
pages={1151--1172},
year={1984}
}

@article{Gelman1996, 
author={Gelman, A and Meng, X.L. and Stern, H.S.},
title={Posterior predictive assessment of model fitness via realized discrepencies (with discussion)},
journal={Statistica Sinica},
volume={6},
pages={733--807},
year={1996}
}

@book{Efronbootstrap,
author={Efron, B. and Tibshitani, R.},
title={An introduction to the bootstrap},
year={1993},
publisher={Chapman \& Hall}
}


@article{geiger,
author = {Harmon, Luke J. and Weir, Jason T. and Brock, Chad D. and Glor, Richard E. and Challenger, Wendell}, 
title = {GEIGER: investigating evolutionary radiations},
volume = {24}, 
number = {1}, 
pages = {129-131}, 
year = {2008}, 
doi = {10.1093/bioinformatics/btm538}, 
URL = {http://bioinformatics.oxfordjournals.org/content/24/1/129.abstract}, 
eprint = {http://bioinformatics.oxfordjournals.org/content/24/1/129.full.pdf+html}, 
journal = {Bioinformatics} 
}

@article{ape,
author = {Paradis, Emmanuel and Claude, Julien and Strimmer, Korbinian}, 
title = {APE: Analyses of Phylogenetics and Evolution in R language},
volume = {20}, 
number = {2}, 
pages = {289-290}, 
year = {2004}, 
doi = {10.1093/bioinformatics/btg412},  
URL = {http://bioinformatics.oxfordjournals.org/content/20/2/289.abstract}, 
eprint = {http://bioinformatics.oxfordjournals.org/content/20/2/289.full.pdf+html}, 
journal = {Bioinformatics} 
}


@article {CB2009,
author = {Cavender-Bares, Jeannine and Kozak, Kenneth H. and Fine, Paul V. A. and Kembel, Steven W.},
title = {The merging of community ecology and phylogenetic biology},
journal = {Ecology Letters},
volume = {12},
number = {7},
publisher = {Blackwell Publishing Ltd},
issn = {1461-0248},
url = {http://dx.doi.org/10.1111/j.1461-0248.2009.01314.x},
doi = {10.1111/j.1461-0248.2009.01314.x},
pages = {693--715},
keywords = {Community assembly, deterministic vs. neutral processes, ecosystem processes, experimental approaches, functional traits, phylogenetic community ecology, phylogenetic diversity, spatial and phylogenetic scale},
year = {2009},
}

@article{Freckleton2002,
     jstor_articletype = {research-article},
     title = {Phylogenetic Analysis and Comparative Data: A Test and Review of Evidence.},
     author = {Freckleton, R. P. and Harvey, P. H. and Pagel, M.},
     journal = {The American Naturalist},
     jstor_issuetitle = {},
     volume = {160},
     number = {6},
     jstor_formatteddate = {December 2002},
     pages = {pp. 712-726},
     url = {http://www.jstor.org/stable/10.1086/343873},
     ISSN = {00030147},
     year = {2002},
     publisher = {The University of Chicago Press for The American Society of Naturalists},
     copyright = {Copyright © 2002 The University of Chicago},
    }

@article{Gittleman1990,
author = {Gittleman, John L. and Kot, Mark}, 
title = {Adaptation: Statistics and a Null Model for Estimating Phylogenetic Effects},
volume = {39}, 
number = {3}, 
pages = {227--241}, 
year = {1990}, 
doi = {10.2307/2992183},  
URL = {http://sysbio.oxfordjournals.org/content/39/3/227.abstract}, 
eprint = {http://sysbio.oxfordjournals.org/content/39/3/227.full.pdf+html}, 
journal = {Systematic Biology} 
}

@article{Cheverud1985,
     jstor_articletype = {research-article},
     title = {The Quantitative Assessment of Phylogenetic Constraints in Comparative Analyses: Sexual Dimorphism in Body Weight Among Primates},
     author = {Cheverud, James M. and Dow, Malcolm M. and Leutenegger, Walter},
     journal = {Evolution},
     jstor_issuetitle = {},
     volume = {39},
     number = {6},
     jstor_formatteddate = {Nov., 1985},
     pages = {1335--1351},
     url = {http://www.jstor.org/stable/2408790},
     ISSN = {00143820},
     year = {1985},
     publisher = {Society for the Study of Evolution},
     copyright = {Copyright © 1985 Society for the Study of Evolution},
    }

 @article{Losos1994,
     jstor_articletype = {research-article},
     title = {An Approach to the Analysis of Comparative Data When a Phylogeny is Unavailable or Incomplete},
     author = {Losos, Jonathan B.},
     journal = {Systematic Biology},
     jstor_issuetitle = {},
     volume = {43},
     number = {1},
     jstor_formatteddate = {Mar., 1994},
     pages = {117--123},
     url = {http://www.jstor.org/stable/2413584},
     ISSN = {10635157},
     abstract = {},
     year = {1994},
     publisher = {Oxford University Press for the Society of Systematic Biologists},
     copyright = {Copyright © 1994 Society of Systematic Biologists},
    }


@article{MartinsGarland1991,
     jstor_articletype = {research-article},
     title = {Phylogenetic Analyses of the Correlated Evolution of Continuous Characters: A Simulation Study},
     author = {Martins, Emilia P. and Garland, Theodore Jr.},
     journal = {Evolution},
     jstor_issuetitle = {},
     volume = {45},
     number = {3},
     jstor_formatteddate = {May, 1991},
     pages = {534--557},
     url = {http://www.jstor.org/stable/2409910},
     ISSN = {00143820},
     year = {1991},
     publisher = {Society for the Study of Evolution},
     copyright = {Copyright © 1991 Society for the Study of Evolution},
    }

@article{Revell2005,
author = {Revell, Liam J. and Harmon, Luke J. and Glor, Richard E.}, 
title = {Under-parameterized Model of Sequence Evolution Leads to Bias in the Estimation of Diversification Rates from Molecular Phylogenies},
volume = {54}, 
number = {6}, 
pages = {973--983}, 
year = {2005}, 
doi = {10.1080/10635150500354647}, 
URL = {http://sysbio.oxfordjournals.org/content/54/6/973.short}, 
eprint = {http://sysbio.oxfordjournals.org/content/54/6/973.full.pdf+html}, 
journal = {Systematic Biology} 
}

@article {WertheimSanderson2011,
author = {Wertheim, Joel O. and Sanderson, Michael J.},
title = {Estimating diversification rates: how useful are divergence times?},
journal = {Evolution},
volume = {65},
number = {2},
publisher = {Blackwell Publishing Inc},
issn = {1558-5646},
url = {http://dx.doi.org/10.1111/j.1558-5646.2010.01159.x},
doi = {10.1111/j.1558-5646.2010.01159.x},
pages = {309--320},
keywords = {Bayesian, divergence times, diversification rate, frequentist, phylogenetic inference, Yule model},
year = {2011},
}

@article {Slater2012Fossil,
author = {Slater, Graham J. and Harmon, Luke J. and Alfaro, Michael E.},
title = {Integrating fossils with molecular phylogenies improves inference of trait evolution},
journal = {Evolution},
volume = {66},
number = {12},
publisher = {Blackwell Publishing Inc},
issn = {1558-5646},
url = {http://dx.doi.org/10.1111/j.1558-5646.2012.01723.x},
doi = {10.1111/j.1558-5646.2012.01723.x},
pages = {3931--3944},
keywords = {Ancestral states, Brownian motion, Caniformia, model selection, phylogenetic comparative methods},
year = {2012},
}

@article{FF2006,
author = {Finarelli, John A. and Flynn, John J.}, 
title = {Ancestral State Reconstruction of Body Size in the Caniformia (Carnivora, Mammalia): The Effects of Incorporating Data from the Fossil Record},
volume = {55}, 
number = {2}, 
pages = {301--313}, 
year = {2006}, 
doi = {10.1080/10635150500541698},  
URL = {http://sysbio.oxfordjournals.org/content/55/2/301.abstract}, 
eprint = {http://sysbio.oxfordjournals.org/content/55/2/301.full.pdf+html}, 
journal = {Systematic Biology} 
}

@article{FitzJohnwoody,
author={FitzJohn, Richard G. and Pennell, M. W. and Zanne, Amy E. and Stevens, Peter C. and Tank, David C. and Cornwell, W. K.},
title={How much of the world is woody?},
journal={Journal of Ecology},
year={in review}
}

@article {Bokma2008,
author = {Bokma, Folmer},
title = {Detection of ``Punctuated Equilibrium'' by Bayesian Estimation of Speciation and Extinction Rates, Ancestral Character States, and Rates of Anagenetic and Cladogenetic Evolution on a Molecular Phylogeny},
journal = {Evolution},
volume = {62},
number = {11},
publisher = {Blackwell Publishing Inc},
issn = {1558-5646},
url = {http://dx.doi.org/10.1111/j.1558-5646.2008.00492.x},
doi = {10.1111/j.1558-5646.2008.00492.x},
pages = {2718--2726},
keywords = {Cladogenesis, gene expression, macroevolution, molecular phylogenetics, stasis},
year = {2008},
}

@article{FitzJohn2010,
author = {FitzJohn, Richard G.}, 
title = {Quantitative Traits and Diversification}, 
volume = {59}, 
number = {6}, 
pages = {619-633}, 
year = {2010}, 
doi = {10.1093/sysbio/syq053}, 
URL = {http://sysbio.oxfordjournals.org/content/59/6/619.abstract}, 
eprint = {http://sysbio.oxfordjournals.org/content/59/6/619.full.pdf+html}, 
journal = {Systematic Biology} 
}


@article{Pagel1994,
author = {Pagel, Mark}, 
title = {Detecting Correlated Evolution on Phylogenies: A General Method for the Comparative Analysis of Discrete Characters},
volume = {255}, 
number = {1342}, 
pages = {37--45}, 
year = {1994}, 
doi = {10.1098/rspb.1994.0006}, 
URL = {http://rspb.royalsocietypublishing.org/content/255/1342/37.abstract}, 
eprint = {http://rspb.royalsocietypublishing.org/content/255/1342/37.full.pdf+html}, 
journal = {Proceedings of the Royal Society of London. Series B: Biological Sciences} 
}

@article {Marazzi2012,
author = {Marazzi, Brigitte and An\'{e}, C and Simon, Marcelo F. and Delgado-Salinas, Alfonso and Luckow, Melissa and Sanderson, Michael J.},
title = {Locating evolutionary precursors on a phylogenetic tree},
journal = {Evolution},
volume = {66},
number = {12},
publisher = {Blackwell Publishing Inc},
issn = {1558-5646},
url = {http://dx.doi.org/10.1111/j.1558-5646.2012.01720.x},
doi = {10.1111/j.1558-5646.2012.01720.x},
pages = {3918--3930},
keywords = {Deep homology, extra-floral nectary, homoplasy, trait evolution},
year = {2012},
}


@article{Felsenstein2005,
author = {Felsenstein, Joseph}, 
title = {Using the quantitative genetic threshold model for inferences between and within species},
volume = {360}, 
number = {1459}, 
pages = {1427--1434}, 
year = {2005}, 
doi = {10.1098/rstb.2005.1669}, 
URL = {http://rstb.royalsocietypublishing.org/content/360/1459/1427.abstract}, 
eprint = {http://rstb.royalsocietypublishing.org/content/360/1459/1427.full.pdf+html}, 
journal = {Philosophical Transactions of the Royal Society B: Biological Sciences} 
}

@article{Felsenstein2012,
     jstor_articletype = {research-article},
     title = {A Comparative Method for Both Discrete and Continuous Characters Using the Threshold Model.},
     author = {Felsenstein, Joseph},
     journal = {The American Naturalist},
     jstor_issuetitle = {},
     volume = {179},
     number = {2},
     jstor_formatteddate = {February 2012},
     pages = {145--156},
     url = {http://www.jstor.org/stable/10.1086/663681},
     ISSN = {00030147},
     year = {2012},
     publisher = {The University of Chicago Press for The American Society of Naturalists},
     copyright = {Copyright © 2012 The University of Chicago},
    }



@article{Maddison2007,
author = {Maddison, Wayne P. and Midford, Peter E. and Otto, Sarah P.}, 
title = {Estimating a Binary Character's Effect on Speciation and Extinction}, 
volume = {56}, 
number = {5}, 
pages = {701--710}, 
year = {2007}, 
doi = {10.1080/10635150701607033}, 
URL = {http://sysbio.oxfordjournals.org/content/56/5/701.abstract}, 
eprint = {http://sysbio.oxfordjournals.org/content/56/5/701.full.pdf+html}, 
journal = {Systematic Biology} 
}

@InCollection{WagnerMarcot2010,
author = {Wagner, Peter J. and Marcot, Jonathan D.},
title = {Probabilistic phylogenetic inference in the fossil record: current and future applications},
booktitle = {Quantitative Methods in Paleobiology},
OPTcrossref = {•},
OPTkey = {•},
pages = {195--217},
publisher = {Paleontological Society},
year = {2010},
editor = {J Alroy and G Hunt},
OPTvolume = {•},
OPTnumber = {•},
OPTseries = {•},
OPTtype = {•},
OPTchapter = {•},
OPTaddress = {•},
OPTedition = {•},
OPTmonth = {•},
OPTnote = {•},
OPTannote = {•}
}

@article{Lewis2001,
author = {Lewis, Paul O.}, 
title = {A Likelihood Approach to Estimating Phylogeny from Discrete Morphological Character Data},
volume = {50}, 
number = {6}, 
pages = {913--925}, 
year = {2001}, 
doi = {10.1080/106351501753462876}, 
URL = {http://sysbio.oxfordjournals.org/content/50/6/913.abstract}, 
eprint = {http://sysbio.oxfordjournals.org/content/50/6/913.full.pdf+html}, 
journal = {Systematic Biology} 
}


    @article{Rabosky2009AmNat,
     jstor_articletype = {research-article},
     title = {Ecological Limits on Clade Diversification in Higher Taxa.},
     author = {Daniel L. Rabosky},
     journal = {The American Naturalist},
     jstor_issuetitle = {},
     volume = {173},
     number = {5},
     jstor_formatteddate = {May 2009},
     pages = {pp. 662-674},
     url = {http://www.jstor.org/stable/10.1086/597378},
     ISSN = {00030147},
     year = {2009},
     publisher = {The University of Chicago Press for The American Society of Naturalists},
     copyright = {Copyright © 2009 The University of Chicago},
    }

@book{Berger1993,
title={Statistical Decision Theory and Bayesian Analysis, 2nd Ed.},
author={James O. Berger},
publisher={Springer},
year={1993}
}

@book{Robert2007,
title={The Bayesian Choice: From Decision-Theoretic Foundations to Computational Implementation, 2nd Ed.},
author={Christian P. Robert},
year={2007},
publisher={Springer}
}

    @article{Felsenstein2008,
     jstor_articletype = {research-article},
     title = {Comparative Methods with Sampling Error and Within‐Species Variation: Contrasts Revisited and Revised.},
     author = {Joseph Felsenstein},
     journal = {The American Naturalist},
     jstor_issuetitle = {},
     volume = {171},
     number = {6},
     jstor_formatteddate = {June 2008},
     pages = {713--725},
     url = {http://www.jstor.org/stable/10.1086/587525},
     ISSN = {00030147},
     year = {2008},
     publisher = {The University of Chicago Press for The American Society of Naturalists},
     copyright = {Copyright © 2008 The University of Chicago},
    }

@article{Nealslice,
     jstor_articletype = {research-article},
     title = {Slice Sampling},
     author = {Neal, Radford M.},
     journal = {The Annals of Statistics},
     jstor_issuetitle = {},
     volume = {31},
     number = {3},
     jstor_formatteddate = {Jun., 2003},
     pages = {705--741},
     url = {http://www.jstor.org/stable/3448413},
     ISSN = {00905364},
     year = {2003},
     publisher = {Institute of Mathematical Statistics},
     copyright = {Copyright © 2003 Institute of Mathematical Statistics},
    }

@article {dic,
author = {Spiegelhalter, David J. and Best, Nicola G. and Carlin, Bradley P. and Van Der Linde, Angelika},
title = {Bayesian measures of model complexity and fit},
journal = {Journal of the Royal Statistical Society: Series B (Statistical Methodology)},
volume = {64},
number = {4},
publisher = {Blackwell Publishers},
issn = {1467-9868},
url = {http://dx.doi.org/10.1111/1467-9868.00353},
doi = {10.1111/1467-9868.00353},
pages = {583--639},
keywords = {Bayesian model comparison, Decision theory, Deviance information criterion, Effective number of parameters, Hierarchical models, Information theory, Leverage, Markov chain Monte Carlo methods, Model dimension},
year = {2002},
}

@article{Lande1977,
     jstor_articletype = {research-article},
     title = {Statistical Tests for Natural Selection on Quantitative Characters},
     author = {Lande, Russell},
     journal = {Evolution},
     jstor_issuetitle = {},
     volume = {31},
     number = {2},
     jstor_formatteddate = {Jun., 1977},
     pages = {442--444},
     url = {http://www.jstor.org/stable/2407764},
     ISSN = {00143820},
     year = {1977},
     publisher = {Society for the Study of Evolution},
     copyright = {Copyright © 1977 Society for the Study of Evolution},
    }

@article{Lynch1990,
     jstor_articletype = {research-article},
     title = {The Rate of Morphological Evolution in Mammals from the Standpoint of the Neutral Expectation},
     author = {Lynch, Michael},
     journal = {The American Naturalist},
     jstor_issuetitle = {},
     volume = {136},
     number = {6},
     jstor_formatteddate = {Dec., 1990},
     pages = {727--741},
     url = {http://www.jstor.org/stable/2462164},
     ISSN = {00030147},
     year = {1990},
     publisher = {The University of Chicago Press for The American Society of Naturalists},
     copyright = {Copyright © 1990 The University of Chicago},
    }

@article{Garland1999,
author = {Garland, Theodore and Midford, Peter E. and Ives, Anthony R.}, 
title = {An Introduction to Phylogenetically Based Statistical Methods, with a New Method for Confidence Intervals on Ancestral Values},
volume = {39}, 
number = {2}, 
pages = {374--388}, 
year = {1999}, 
doi = {10.1093/icb/39.2.374}, 
URL = {http://icb.oxfordjournals.org/content/39/2/374.abstract}, 
eprint = {http://icb.oxfordjournals.org/content/39/2/374.full.pdf+html}, 
journal = {American Zoologist} 
}

@article{HansenOrzack2005,
author = {Hansen, Thomas F. and Orzack, Steven Hecht},
title = {Assessing current adaptation and phylogenetic inertia as explanations of trait evolution: the need for controlled comparisons},
journal = {Evolution},
volume = {59},
number = {10},
publisher = {Blackwell Publishing Ltd},
issn = {1558-5646},
url = {http://dx.doi.org/10.1111/j.0014-3820.2005.tb00917.x},
doi = {10.1111/j.0014-3820.2005.tb00917.x},
pages = {2063--2072},
keywords = {Adaptation, comparative analysis, controlled comparison, phylogenetic inertia.},
year = {2005},
}

@article{Reid2013,
author = {Reid, Noah M. and Hird, Sarah M. and Brown, Jeremy M. and Pelletier, Tara A. and McVay, John D. and Satler, Jordan D. and Carstens, Bryan C.}, 
title = {Poor Fit to the Multispecies Coalescent is Widely Detectable in Empirical Data},
year = {2014}, 
doi = {10.1093/sysbio/syt057},  
URL = {http://sysbio.oxfordjournals.org/content/early/2013/09/24/sysbio.syt057.abstract}, 
eprint = {http://sysbio.oxfordjournals.org/content/early/2013/09/24/sysbio.syt057.full.pdf+html}, 
journal = {Systematic Biology},
volume={63},
pages={322--333}
}

@article{Brown2013,
author={Jeremy M. Brown},
title={Detection of implausible phylogenetic inferences using posterior predictive assessment of model fit},
year={2014},
volume={63},
pages={334--348},
journal={Systematic Biology}
}


@article{Lewis2013,
author = {Lewis, Paul O. and Xie, Wangang and Chen, Ming-Hui and Fan, Yu and Kuo, Lynn}, 
title = {Posterior Predictive Bayesian Phylogenetic Model Selection},
year = {2014}, 
doi = {10.1093/sysbio/syt068}, 
URL = {http://sysbio.oxfordjournals.org/content/early/2013/11/04/sysbio.syt068.abstract}, 
eprint = {http://sysbio.oxfordjournals.org/content/early/2013/11/04/sysbio.syt068.full.pdf+html}, 
journal = {Systematic Biology},
volume={63},
pages={309--321} 
}


@article{SlaterPennell,
author = {Slater, Graham J. and Pennell, Matthew W.}, 
title = {Robust Regression and Posterior Predictive Simulation Increase Power to Detect Early Bursts of Trait Evolution},
year = {2014}, 
doi = {10.1093/sysbio/syt066}, 
URL = {http://sysbio.oxfordjournals.org/content/early/2013/10/22/sysbio.syt066.abstract}, 
eprint = {http://sysbio.oxfordjournals.org/content/early/2013/10/22/sysbio.syt066.full.pdf+html}, 
journal = {Systematic Biology},
volume={63},
pages={293--308}
}


@Article{Zanne2013,
  author =	 {A E Zanne and D C Tank and W K Cornwell and Jonathan M Eastman and Stephen A Smith and Richard G FitzJohn and Daniel J McGlinn and Brian C O'Meara and Angela T Moles and Peter B. Reich and Dana L Royer and Douglas E Soltis and Peter F Stevens and Mark Westoby and Ian J. Wright and Lonnie Aarssen and Robert I Bertin and Andre Calaminus and Rafael Govaerts and Frank Hemmings and Michelle R. Leishman and Jacek Oleksyn and Pamela S. Solits and Nathan G. Swenson and Laura Warman and Jeremy M. Beaulieu},
  title =	 {Three keys to the radiation of
                  angiosperms into freezing environments},
  journal =	 {Nature},
  year =	 {2014},
  volume = {506},
  pages={89--92}

}
@article{Smith2009,
author={Smith, Stephen A. and Beaulieu, Jeremy M. and Donoghue, Michael J.},
title={Mega-phylogeny approach for comparative biology: an alternative to supertree and supermatrix approaches},
year={2009},
journal={BMC Evolutionary Biology},
volume={9},
pages={37}
}

@article{NielsenMBE,
author = {Rohlfs, Rori V. and Harrigan, Patrick and Nielsen, Rasmus}, 
title = {Modeling gene expression evolution with an extended Ornstein-Uhlenbeck process accounting for within-species variation},
year = {2013}, 
doi = {10.1093/molbev/mst190}, 
URL = {http://mbe.oxfordjournals.org/content/early/2013/10/09/molbev.mst190.abstract}, 
eprint = {http://mbe.oxfordjournals.org/content/early/2013/10/09/molbev.mst190.full.pdf+html}, 
journal = {Molecular Biology and Evolution} 
}

@article{Alfaro2009,
author = {Alfaro, Michael E. and Santini, Francesco and Brock, Chad and Alamillo, Hugo and Dornburg, Alex and Rabosky, Daniel L. and Carnevale, Giorgio and Harmon, Luke J.}, 
title = {Nine exceptional radiations plus high turnover explain species diversity in jawed vertebrates},
volume = {106}, 
number = {32}, 
pages = {13410--13414}, 
year = {2009}, 
doi = {10.1073/pnas.0811087106}, 
URL = {http://www.pnas.org/content/106/32/13410.abstract}, 
eprint = {http://www.pnas.org/content/106/32/13410.full.pdf+html}, 
journal = {Proceedings of the National Academy of Sciences} 
}

@article{Nee1992,
author = {Nee, S and Mooers, A {\O} and Harvey, P H}, 
title = {Tempo and mode of evolution revealed from molecular phylogenies},
volume = {89}, 
number = {17}, 
pages = {8322--8326}, 
year = {1992}, 
abstract ={The analysis of the tempo and mode of evolution has a strong tradition in paleontology. Recent advances in molecular phylogenetic reconstruction make it possible to complement this work by using data from extant species.}, 
URL = {http://www.pnas.org/content/89/17/8322.abstract}, 
eprint = {http://www.pnas.org/content/89/17/8322.full.pdf+html}, 
journal = {Proceedings of the National Academy of Sciences} 
}


@article{Etienne2012PRSB,
author = {Etienne, Rampal S. and Haegeman, Bart and Stadler, Tanja and Aze, Tracy and Pearson, Paul N. and Purvis, Andy and Phillimore, Albert B.}, 
title = {Diversity-dependence brings molecular phylogenies closer to agreement with the fossil record},
volume = {279}, 
number = {1732}, 
pages = {1300--1309}, 
year = {2012}, 
doi = {10.1098/rspb.2011.1439},  
URL = {http://rspb.royalsocietypublishing.org/content/279/1732/1300.abstract}, 
eprint = {http://rspb.royalsocietypublishing.org/content/279/1732/1300.full.pdf+html}, 
journal = {Proceedings of the Royal Society B: Biological Sciences} 
}


@article{Ives2007,
author = {Ives, Anthony R. and Midford, Peter E. and Garland, Theodore}, 
title = {Within-Species Variation and Measurement Error in Phylogenetic Comparative Methods},
volume = {56}, 
number = {2}, 
pages = {252--270}, 
year = {2007}, 
doi = {10.1080/10635150701313830}, 
URL = {http://sysbio.oxfordjournals.org/content/56/2/252.abstract}, 
eprint = {http://sysbio.oxfordjournals.org/content/56/2/252.full.pdf+html}, 
journal = {Systematic Biology} 
}

@article{Bartoszek2012,
title = "A phylogenetic comparative method for studying multivariate adaptation ",
journal = "Journal of Theoretical Biology ",
volume = "314",
number = "0",
pages = "204--215",
year = "2012",
note = "",
issn = "0022-5193",
doi = "http://dx.doi.org/10.1016/j.jtbi.2012.08.005",
url = "http://www.sciencedirect.com/science/article/pii/S0022519312003918",
author = "Krzysztof Bartoszek and Jason Pienaar and Petter Mostad and Staffan Andersson and Thomas F. Hansen",
keywords = "Ornstein–Uhlenbeck process",
keywords = "Multivariate phylogenetic comparative method",
keywords = "Adaptation",
keywords = "Optimality",
keywords = "Allometry "
}

@article{Labra2009,
     jstor_articletype = {research-article},
     title = {Evolution of Thermal Physiology in Liolaemus Lizards: Adaptation, Phylogenetic Inertia, and Niche Tracking.},
     author = {Labra, Antonieta and Pienaar, Jason and Hansen, Thomas F.},
     journal = {The American Naturalist},
     jstor_issuetitle = {},
     volume = {174},
     number = {2},
     jstor_formatteddate = {August 2009},
     pages = {204--220},
     url = {http://www.jstor.org/stable/10.1086/600088},
     ISSN = {00030147},
     year = {2009},
     publisher = {The University of Chicago Press for The American Society of Naturalists},
     copyright = {Copyright © 2009 The University of Chicago}
    }


 @article{Housworth2004,
     jstor_articletype = {research-article},
     title = {The Phylogenetic Mixed Model.},
     author = {Housworth, Elizabeth A. and Martins, Emelia P. and Lynch, Michael},
     journal = {The American Naturalist},
     jstor_issuetitle = {},
     volume = {163},
     number = {1},
     jstor_formatteddate = {January 2004},
     pages = {pp. 84-96},
     url = {http://www.jstor.org/stable/10.1086/380570},
     ISSN = {00030147},
     year = {2004},
     publisher = {The University of Chicago Press for The American Society of Naturalists},
     copyright = {Copyright © 2004 The University of Chicago},
    }


@article{Gelman2006,
author={Gelman, Andrew},
title={Prior distributions for variance parameters in hierarchical models},
journal={Bayesian Analysis},
volume={1},
pages={515--534},
year={2006}
}

@article{Polson2012,
author={Polson, Nicholas G. and Scott, James G.},
title={On the Half-Cauchy prior for a global scale parameter},
journal={Bayesian Analysis},
volume={7},
pages={887--902},
year={2012}}

@book{Simpson1953,
title={Major Features of Evolution},
author={Simpson, G.G.},
publisher={Columbia University Press},
year={1953}
}


@article{Grey2008,
author = {Grey, Melissa and Haggart, James W. and Smith, Paul L.}, 
title = {Variation in Evolutionary Patterns Across the Geographic Range of a Fossil Bivalve},
volume = {322}, 
number = {5905}, 
pages = {1238--1241}, 
year = {2008}, 
doi = {10.1126/science.1162046}, 
URL = {http://www.sciencemag.org/content/322/5905/1238.abstract}, 
eprint = {http://www.sciencemag.org/content/322/5905/1238.full.pdf}, 
journal = {Science} 
}


@Article{Hopkins2012,
author = {Hopkins, Melanie J. and Lidgard, Scott},
title = {Evolutionary mode routinely varies among morphological traits within fossil species lineages},
journal = {Proceedings of the National Academy of Sciences},
year = {2012},
OPTkey = {•},
volume = {109},
OPTnumber = {•},
pages = {20520--20525},
OPTmonth = {•},
OPTnote = {•},
OPTannote = {•}
}

    @article{Foote1997,
     jstor_articletype = {research-article},
     title = {The Evolution of Morphological Diversity},
     author = {Foote, Mike},
     journal = {Annual Review of Ecology and Systematics},
     jstor_issuetitle = {},
     volume = {28},
     number = {},
     jstor_formatteddate = {1997},
     pages = {129--152},
     url = {http://www.jstor.org/stable/2952489},
     ISSN = {00664162},
     year = {1997},
     publisher = {Annual Reviews},
     copyright = {Copyright © 1997 Annual Reviews},
    }


@article{DErchia1996,
author={D'Erchia, A.M. and Gissi, Carmela and Pesole, Graziano and Saccone, Cecilia and Arnason, Ulfur},
title={The guinea-pig is not a rodent},
journal={Nature},
volume={381},
pages={587--600},
year={1996}
}

@article{Graur1991,
author={Graur, Dan and Hide, Winston A. and Li, W.H.},
title={Is the guinea-pig a rodent?},
journal={Nature},
volume={351},
pages={649--652},
year={1991}
}

@article{SH,
author = {Shimodaira, H and Hasegawa, M}, 
title = {Multiple Comparisons of Log-Likelihoods with Applications to Phylogenetic Inference},
volume = {16}, 
number = {8}, 
pages = {1114--1116}, 
year = {1999}, 
journal = {Molecular Biology and Evolution} 
}

@InCollection{Hansen2012book,
author = {Hansen, Thomas F},
title = {Adaptive Landscapes and Macroevolutionary Dynamics},
booktitle = {The Adaptive Landscape in Evolutionary Biology},
OPTcrossref = {•},
OPTkey = {•},
pages = {205--221},
publisher = {Oxford University Press},
year = {2012},
editor = {Svensson, Erik and Calsbeek, Ryan},
OPTvolume = {•},
OPTnumber = {•},
OPTseries = {•},
OPTtype = {•},
OPTchapter = {•},
OPTaddress = {•},
OPTedition = {•},
OPTmonth = {•},
OPTnote = {•},
OPTannote = {•}
}

@Book{aicweight,
author={Burnham, K.P. and Anderson, D.R.},
title={Model selection and multi-model inference: a practical information-theoretic approach},
publisher={Springer},
year={2004}
}

@article{Arnold2001,
author={Arnold, S.J. and Pfrender, M.E. and Jones, A.G.},
title={The adaptive landscape as a conceptual bridge between micro- and macroevolution},
journal={Genetica},
volume={112},
pages={9--32},
year={2001}
}

@article{Ripplinger2008,
author = {Ripplinger, Jennifer and Sullivan, Jack}, 
title = {Does Choice in Model Selection Affect Maximum Likelihood Analysis?},
volume = {57}, 
number = {1}, 
pages = {76--85}, 
year = {2008}, 
doi = {10.1080/10635150801898920}, 
eprint = {http://sysbio.oxfordjournals.org/content/57/1/76.full.pdf+html}, 
journal = {Systematic Biology} 
}


@article{Mahler2010,
author = {Mahler, D. Luke and Revell, Liam J. and Glor, Richard E. and Losos, Jonathan B.},
title = {ECOLOGICAL OPPORTUNITY AND THE RATE OF MORPHOLOGICAL EVOLUTION IN THE DIVERSIFICATION OF GREATER ANTILLEAN ANOLES},
journal = {Evolution},
volume = {64},
number = {9},
publisher = {Blackwell Publishing Inc},
issn = {1558-5646},
url = {http://dx.doi.org/10.1111/j.1558-5646.2010.01026.x},
doi = {10.1111/j.1558-5646.2010.01026.x},
pages = {2731--2745},
keywords = {Adaptive radiation, Anolis, density-dependent, diversification, diversity-dependent, macroevolution, niche-filling, ecological saturation},
year = {2010},
}

@article{Houle2011,
     jstor_articletype = {research-article},
     title = {Measurement and Meaning in Biology},
     author = {Houle, David and Pelabon, Christophe and Wagner, Gunter P. and Hansen, Thomas F.},
     journal = {The Quarterly Review of Biology},
     jstor_issuetitle = {},
     volume = {86},
     number = {1},
     jstor_formatteddate = {March 2011},
     pages = {3--34},
     url = {http://www.jstor.org/stable/10.1086/658408},
     ISSN = {00335770},
     year = {2011},
     publisher = {The University of Chicago Press},
     copyright = {Copyright © 2011 The University of Chicago Press},
    }

@article{Evans2011,
author = {Evans, Jason and Sullivan, Jack}, 
title = {Approximating Model Probabilities in Bayesian Information Criterion and Decision-Theoretic Approaches to Model Selection in Phylogenetics},
volume = {28}, 
number = {1}, 
pages = {343--349}, 
year = {2011}, 
doi = {10.1093/molbev/msq195}, 
eprint = {http://mbe.oxfordjournals.org/content/28/1/343.full.pdf+html}, 
journal = {Molecular Biology and Evolution} 
}

@article{geiger2,
author={Pennell, M. W. and Eastman, J. M. and Slater, G. J. and Brown, J. W. and Uyeda, J. C. and FitzJohn, R. G. and Alfaro, M. E. and Harmon, L. J.},
title={geiger v2.0: an expanded suite of methods for fitting macroevolutionary models to phylogenetic trees},
journal={Bioinformatics},
year={2014},
volume={15},
pages={2216--2218}
}

@article{Burbrink2012,
author = {Burbrink, Frank T. and Chen, Xin and Myers, Edward A. and Brandley, Matthew C. and Pyron, R. Alexander}, 
title = {Evidence for determinism in species diversification and contingency in phenotypic evolution during adaptive radiation},
volume = {279}, 
number = {1748}, 
pages = {4817--4826}, 
year = {2012}, 
doi = {10.1098/rspb.2012.1669}, 
eprint = {http://rspb.royalsocietypublishing.org/content/279/1748/4817.full.pdf+html}, 
journal = {Proceedings of the Royal Society B: Biological Sciences} 
}

@article {Wiens2013,
author = {Quintero, Ignacio and Wiens, John J.},
title = {Rates of projected climate change dramatically exceed past rates of climatic niche evolution among vertebrate species},
journal = {Ecology Letters},
volume = {16},
number = {8},
issn = {1461-0248},
doi = {10.1111/ele.12144},
pages = {1095--1103},
keywords = {Adaptation, climate change, extinction, niche evolution, vertebrates},
year = {2013},
}

@article {Lopez2013,
author = {L\'{o}pez-Fern\'{a}ndez, Hernán and Arbour, Jessica H. and Winemiller, Kirk. O. and Honeycutt, Rodney L.},
title = {TESTING FOR ANCIENT ADAPTIVE RADIATIONS IN NEOTROPICAL CICHLID FISHES},
journal = {Evolution},
volume = {67},
number = {5},
issn = {1558-5646},
doi = {10.1111/evo.12038},
pages = {1321--1337},
keywords = {Diversification, ecological opportunity, ecomorphology, fossil calibration, relaxed molecular clock},
year = {2013},
}

@article{Pannell1987,
author = {Pannell, C. M. and Koziol, M. J.}, 
title = {Ecological and Phytochemical Diversity of Arillate Seeds in Aglaia (Meliaceae): A Study of Vertebrate Dispersal in Tropical Trees},
volume = {316}, 
number = {1178}, 
pages = {303--333}, 
year = {1987}, 
doi = {10.1098/rstb.1987.0029},  
eprint = {http://rstb.royalsocietypublishing.org/content/316/1178/303.full.pdf+html}, 
journal = {Philosophical Transactions of the Royal Society of London. B, Biological Sciences} 
}

@article{Manos2001,
     jstor_articletype = {research-article},
     title = {Systematics of Fagaceae: Phylogenetic Tests of Reproductive Trait Evolution},
     author = {Manos, Paul S. and Zhou, Zhe-Kun and Cannon, Charles H.},
     journal = {International Journal of Plant Sciences},
     jstor_issuetitle = {},
     volume = {162},
     number = {6},
     jstor_formatteddate = {November 2001},
     pages = {1361--1379},
     url = {http://www.jstor.org/stable/10.1086/322949},
     ISSN = {10585893},
     year = {2001},
     publisher = {The University of Chicago Press},
     copyright = {Copyright © 2001 The University of Chicago Press},
    }

@article {Simeone2013,
author = {Simeone, Marco C. and Piredda, Roberta and Papini, Alessio and Vessella, Federico and Schirone, Bartolomeo},
title = {Application of plastid and nuclear markers to DNA barcoding of Euro-Mediterranean oaks (Quercus, Fagaceae): problems, prospects and phylogenetic implications},
journal = {Botanical Journal of the Linnean Society},
volume = {172},
number = {4},
issn = {1095-8339},
doi = {10.1111/boj.12059},
pages = {478--499},
keywords = {Cerris, ecology , Ilex, phylogeny , regional sampling},
year = {2013},
}

@book{Schluter2000,
author={Dolph Schluter},
year={2000},
title={The Ecology of Adaptive Radiations},
publisher={Oxford University Press}
}

@article{Ho2014,
author = {Ho, Lam Si Tung and An\'{e}, C\'{e}cile}, 
title = {A Linear-Time Algorithm for Gaussian and Non-Gaussian Trait Evolution Models},
year = {2014}, 
doi = {10.1093/sysbio/syu005},  
eprint = {http://sysbio.oxfordjournals.org/content/early/2014/02/28/sysbio.syu005.full.pdf+html}, 
journal = {Systematic Biology},
note={DOI:10.1093/sysbio/syu005}
}

@article{Gelman2013,
year={2013},
issn={0960-3174},
journal={Statistics and Computing},
doi={10.1007/s11222-013-9416-2},
title={Understanding predictive information criteria for Bayesian models},
url={http://dx.doi.org/10.1007/s11222-013-9416-2},
publisher={Springer US},
keywords={AIC; DIC; WAIC; Cross-validation; Prediction; Bayes},
author={Gelman, Andrew and Hwang, Jessica and Vehtari, Aki},
note={DOI:10.1007/s11222-013-9416-2}
}


@InCollection{Leishman2000,
author = {Leishman, M. R. and Wright I. J. and Moles, A. T. and Westoby, M.},
title = {The evolutionary ecology of seed size},
booktitle = {Seeds: The Ecology of Regeneration in Plant Communities},
OPTcrossref = {•},
OPTkey = {•},
pages = {31--57},
publisher = {CAB Int.},
year = {2000},
editor = {M. Fenner},
OPTvolume = {•},
OPTnumber = {•},
OPTseries = {•},
OPTtype = {•},
OPTchapter = {•},
OPTaddress = {•},
OPTedition = {•},
OPTmonth = {•},
OPTnote = {•},
OPTannote = {•}
}

@article{Maddison2006,
author={Maddison, Wayne P.},
title={Confounding asymmetries in evolutionary diversification and character change},
journal={Evolution},
volume={60},
pages={1743--1746},
year={2006}
}

@article{anscombe1973,
     jstor_articletype = {research-article},
     title = {Graphs in Statistical Analysis},
     author = {Anscombe, F. J.},
     journal = {The American Statistician},
     jstor_issuetitle = {},
     volume = {27},
     number = {1},
     jstor_formatteddate = {Feb., 1973},
     pages = {17--21},
     url = {http://www.jstor.org/stable/2682899},
     ISSN = {00031305},
     year = {1973},
     publisher = {American Statistical Association},
     copyright = {Copyright © 1973 American Statistical Association},
}

@article{Beaulieu2013,
author = {Beaulieu, Jeremy M. and O'Meara, Brian C. and Donoghue, Michael J.}, 
title = {Identifying Hidden Rate Changes in the Evolution of a Binary Morphological Character: The Evolution of Plant Habit in Campanulid Angiosperms},
volume = {62}, 
number = {5}, 
pages = {725--737}, 
year = {2013}, 
doi = {10.1093/sysbio/syt034},  
eprint = {http://sysbio.oxfordjournals.org/content/62/5/725.full.pdf+html}, 
journal = {Systematic Biology} 
}

@article{Blackmon2014,
author = {Blackmon, Heath and Demuth, Jeffery P.}, 
title = {Estimating Tempo and Mode of {Y} Chromosome Turnover: Explaining {Y} Chromosome Loss With the Fragile {Y} Hypothesis},
volume = {197}, 
number = {2}, 
pages = {561--572}, 
year = {2014}, 
doi = {10.1534/genetics.114.164269}, 
eprint = {http://www.genetics.org/content/197/2/561.full.pdf+html}, 
journal = {Genetics} 
}



﻿@article{Gelman2012,
author = {Gelman, Andrew and Shalizi, Cosma Rohilla},
title = {Philosophy and the practice of Bayesian statistics},
journal = {British Journal of Mathematical and Statistical Psychology},
volume = {66},
number = {1},
publisher = {Blackwell Publishing Ltd},
issn = {2044-8317},
url = {http://dx.doi.org/10.1111/j.2044-8317.2011.02037.x},
doi = {10.1111/j.2044-8317.2011.02037.x},
pages = {8--38},
year = {2013},
}

@article{Purvis1995,
author = {Purvis, Andy and Rambaut, Andrew}, 
title = {Comparative analysis by independent contrasts (CAIC): an Apple Macintosh application for analysing comparative data},
volume = {11}, 
number = {3}, 
pages = {247--251}, 
year = {1995}, 
doi = {10.1093/bioinformatics/11.3.247}, 
eprint = {http://bioinformatics.oxfordjournals.org/content/11/3/247.full.pdf+html}, 
journal = {Computer applications in the biosciences : CABIOS} 
}

@Article{MartinsHansen1997,
  author =       {E P Martins and T F Hansen},
  title =        {Phylogenies and the comparative method: a general
                  approach to incorporating phylogenetic information
                  into the analysis of interspecific data},
  journal =      {The American Naturalist},
  year =         1997,
  volume =       149,
  pages =        {646--667}
}

@book{PCMbook,
title={Modern Phylogenetic Comparative Methods and Their Application in Evolutionary Biology},
editor={Garamszegi, L. Z.},
year={2014},
publisher={Springer}
}

@article{PCMbookreview,
title={Models and meanings in comparative biology},
author={Pennell, Matthew W},
journal={Systematic Biology},
year={in press}
}

﻿
@article{Slater2014,
author = {Slater, Graham J.},
title = {Correction to ``{P}hylogenetic evidence for a shift in the mode of mammalian body size evolution at the Cretaceous-Palaeogene boundary'', and a note on fitting macroevolutionary models to comparative paleontological data sets},
journal = {Methods in Ecology and Evolution},
volume = {5},
number = {7},
issn = {2041-210X},
url = {http://dx.doi.org/10.1111/2041-210X.12201},
doi = {10.1111/2041-210X.12201},
pages = {714--718},
keywords = {fossils, macroevolution, non-ultrametric, Ornstein-Uhlenbeck, variance-covariance matrix},
year = {2014},
}

@article{DonoghueEdwards,
title={Biome shifts and niche evolution in plants},
author={Donoghue, Michael J and Edwards, Elizabeth J},
journal={Annual Reviews of Ecology, Evolution, and Systematics},
year={2014},
volume={45},
pages={547--572}}

@article{RaboskyBAMM,
author = {Rabosky, Daniel L. and Donnellan, Stephen C. and Grundler, Michael and Lovette, Irby J.}, 
title = {Analysis and Visualization of Complex Macroevolutionary Dynamics: An Example from Australian Scincid Lizards},
volume = {63}, 
number = {4}, 
pages = {610--627}, 
year = {2014}, 
doi = {10.1093/sysbio/syu025}, 
URL = {http://sysbio.oxfordjournals.org/content/63/4/610.abstract}, 
eprint = {http://sysbio.oxfordjournals.org/content/63/4/610.full.pdf+html}, 
journal = {Systematic Biology} 
}

@article{Jones2013,
author = {Jones, Emily I. and Nuismer, Scott L. and Gomulkiewicz, Richard}, 
title = {Revisiting Darwin's conundrum reveals a twist on the relationship between phylogenetic distance and invasibility},
volume = {110}, 
number = {51}, 
pages = {20627--20632}, 
year = {2013}, 
doi = {10.1073/pnas.1310247110},  
URL = {http://www.pnas.org/content/110/51/20627.abstract}, 
eprint = {http://www.pnas.org/content/110/51/20627.full.pdf+html}, 
journal = {Proceedings of the National Academy of Sciences} 
}

@article{NuismerHarmon,
author={Nusimer, Scott L. and Harmon, Luke J.},
title={Predicting rates of interspecific interaction from phylogenetic trees},
year={2015},
volume={18},
pages={17--27},
journal={Ecology Letters},
note={{DOI}: 10.1111/ele.12384}
}

@article{Davies2014,
     jstor_articletype = {research-article},
     title = {Neutral Biogeography and the Evolution of Climatic Niches.},
     author = {Boucher, Florian C. and Thuiller, Wilfried and Davies,, T. Jonathan and Lavergne, Sébastien},
     journal = {The American Naturalist},
     jstor_issuetitle = {},
     volume = {183},
     number = {5},
     jstor_formatteddate = {May 2014},
     pages = {573--584},
     url = {http://www.jstor.org/stable/10.1086/675506},
     ISSN = {00030147},
     year = {2014},
     publisher = {The University of Chicago Press for The American Society of Naturalists},
     copyright = {Copyright © 2014 The University of Chicago},
    }

﻿
@article{Weir2012,
author = {Weir, Jason T. and Mursleen, Sara},
title = {Diversity-dependent cladogenesis and trait evolution in the adaptive radiation of the auks ({A}ves: {A}lcidae)},
journal = {Evolution},
volume = {67},
number = {2},
publisher = {Blackwell Publishing Inc},
issn = {1558-5646},
url = {http://dx.doi.org/10.1111/j.1558-5646.2012.01786.x},
doi = {10.1111/j.1558-5646.2012.01786.x},
pages = {403--416},
keywords = {Adaptive radiation, Alcidae, auk, cladogenesis, diversity-dependent diversification, ecological opportunity, trait-evolution},
year = {2013},
}

@article{Landispreprint,
author={Schraiber, Joshua G. and Landis, Michael J},
title={Sensitivity of quantitative traits to mutational effects, number of loci, and population history},
journal={BioRxiv},
year={2014},
note={{DOI}: 10.1101/008540}
}

    @article{LynchHill1986,
     jstor_articletype = {research-article},
     title = {Phenotypic Evolution by Neutral Mutation},
     author = {Lynch, Michael and Hill, William G.},
     journal = {Evolution},
     jstor_issuetitle = {},
     volume = {40},
     number = {5},
     jstor_formatteddate = {Sep., 1986},
     pages = {915--935},
     url = {http://www.jstor.org/stable/2408753},
     ISSN = {00143820},
     year = {1986},
     publisher = {Society for the Study of Evolution},
     copyright = {Copyright © 1986 Society for the Study of Evolution},
    }

@article {Thomaspreprint,
author = {Thomas, Gavin H and Cooper, Natalie and Venditti, Chris and Meade, Andrew and Freckleton, Robert P},
title = {Bias and measurement error in comparative analyses: a case study with the Ornstein Uhlenbeck model},
year = {2014},
note = {{DOI}: 10.1101/004036},
journal = {bioRxiv}
}

@article{MaddisonFitzJohn,
author = {Maddison, Wayne P. and FitzJohn, Richard G.}, 
title = {The Unsolved Challenge to Phylogenetic Correlation Tests for Categorical Characters},
year = {2015}, 
volume={64},
pages={127--136},
URL = {http://sysbio.oxfordjournals.org/content/early/2014/09/09/sysbio.syu070.short}, 
eprint = {http://sysbio.oxfordjournals.org/content/early/2014/09/09/sysbio.syu070.full.pdf+html}, 
journal = {Systematic Biology} 
}

%% WOOD

%% This BibTeX bibliography file was created using BibDesk.
%% http://bibdesk.sourceforge.net/


%% Created for wcornwell at 2013-02-18 09:50:06 -0500 


%% Saved with string encoding Unicode (UTF-8) 



@article{apweb,
	Author = {Stevens, P. F.},
	Date-Added = {2013-02-18 09:30:45 -0500},
	Date-Modified = {2013-02-18 09:50:06 -0500},
	Journal = {Version 12, July 2012 },
	Title = {{A}ngiosperm {P}hylogeny {W}ebsite.},
	Volume = {[and more or less continuously updated since].},
	Year = {2001}}

@article{ThePlantList,
	Author = {{{The Plant List}}},
	Date-Added = {2013-02-17 18:37:34 -0500},
	Date-Modified = {2013-02-17 19:02:56 -0500},
	Journal = {{{http://www.theplantlist.org/}}},
	Title = {Version 1.1. {P}ublished on the {I}nternet.},
	Volume = {accessed 11 March},
	Year = {2014}}

@article{sinnott1915evolution,
	Author = {Sinnott, Edmund W and Bailey, Irving W},
	Date-Added = {2013-02-17 14:04:22 -0500},
	Date-Modified = {2013-02-17 14:04:22 -0500},
	Journal = {The Journal of Geology},
	Number = {4},
	Pages = {289--306},
	Publisher = {JSTOR},
	Title = {The Evolution of Herbaceous Plants and Its Bearing on Certain Problems of Geology and Climatology},
	Volume = {23},
	Year = {1915}}


@article{scotland2004significance,
	Author = {Scotland, Robert W and Sanderson, Michael J},
	Date-Added = {2013-02-17 11:35:35 -0500},
	Date-Modified = {2013-02-17 11:35:35 -0500},
	Journal = {Science},
	Number = {5658},
	Pages = {643--643},
	Publisher = {American Association for the Advancement of Science},
	Title = {The significance of few versus many in the tree of life},
	Volume = {303},
	Year = {2004}}

@article{smith2009life,
	Author = {Smith, Stephen A and Beaulieu, Jeremy M},
	Date-Added = {2013-02-15 14:59:28 -0500},
	Date-Modified = {2013-02-15 14:59:28 -0500},
	Journal = {Proceedings of the Royal Society B: Biological Sciences},
	Number = {1677},
	Pages = {4345--4352},
	Publisher = {The Royal Society},
	Title = {Life history influences rates of climatic niche evolution in flowering plants},
	Volume = {276},
	Year = {2009}}

@article{smith2008rates,
	Author = {Smith, Stephen A and Donoghue, Michael J},
	Date-Added = {2013-02-15 14:59:19 -0500},
	Date-Modified = {2013-02-15 14:59:19 -0500},
	Journal = {Science},
	Number = {5898},
	Pages = {86--89},
	Publisher = {American Association for the Advancement of Science},
	Title = {Rates of molecular evolution are linked to life history in flowering plants},
	Volume = {322},
	Year = {2008}}

@article{kattge2011try,
	Author = {Kattge, Jens and Diaz, Sandra and Lavorel, Sandra and Prentice, IC and Leadley, P and B{\"o}nisch, G and Garnier, Eric and Westoby, Mark and Reich, Peter B and Wright, IJ and others},
	Date-Added = {2013-02-14 16:05:40 -0500},
	Date-Modified = {2013-02-14 16:05:40 -0500},
	Journal = {Global Change Biology},
	Number = {9},
	Pages = {2905--2935},
	Publisher = {Wiley Online Library},
	Title = {TRY--a global database of plant traits},
	Volume = {17},
	Year = {2011}}

@article{smith2011understanding,
	Author = {Smith, Stephen A and Beaulieu, Jeremy M and Stamatakis, Alexandros and Donoghue, Michael J},
	Date-Added = {2013-02-14 16:05:21 -0500},
	Date-Modified = {2013-02-14 16:05:21 -0500},
	Journal = {American Journal of Botany},
	Number = {3},
	Pages = {404--414},
	Publisher = {Botanical Soc America},
	Title = {Understanding angiosperm diversification using small and large phylogenetic trees},
	Volume = {98},
	Year = {2011}}

@article{westoby2002plant,
	Author = {Westoby, Mark and Falster, Daniel S and Moles, Angela T and Vesk, Peter A and Wright, Ian J},
	Date-Added = {2013-02-14 16:03:09 -0500},
	Date-Modified = {2013-02-14 16:03:09 -0500},
	Journal = {Annual review of ecology and systematics},
	Pages = {125--159},
	Publisher = {JSTOR},
	Title = {Plant ecological strategies: some leading dimensions of variation between species},
	Year = {2002}}

@article{weiher2009challenging,
	Author = {Weiher, Evan and Werf, Adrie and Thompson, Ken and Roderick, Michael and Garnier, Eric and Eriksson, Ove},
	Date-Added = {2013-02-14 16:02:59 -0500},
	Date-Modified = {2013-02-14 16:02:59 -0500},
	Journal = {Journal of Vegetation Science},
	Number = {5},
	Pages = {609--620},
	Publisher = {Wiley Online Library},
	Title = {Challenging Theophrastus: a common core list of plant traits for functional ecology},
	Volume = {10},
	Year = {2009}}

@article{grime1979plant,
	Author = {Grime, John Philip and others},
	Date-Added = {2013-02-14 16:02:00 -0500},
	Date-Modified = {2013-02-14 16:02:00 -0500},
	Journal = {Plant strategies and vegetation processes.},
	Publisher = {John Wiley and Sons.},
	Title = {Plant strategies and vegetation processes.},
	Year = {1979}}

@article{govaerts2001many,
	Author = {Govaerts, Rafael},
	Date-Added = {2013-02-14 15:59:02 -0500},
	Date-Modified = {2013-02-14 15:59:02 -0500},
	Journal = {Taxon},
	Pages = {1085--1090},
	Publisher = {JSTOR},
	Title = {How many species of seed plants are there?},
	Year = {2001}}

@article{stork1993many,
	Author = {Stork, Nigel E},
	Date-Added = {2013-02-14 15:58:58 -0500},
	Date-Modified = {2013-02-14 15:58:58 -0500},
	Journal = {Biodiversity and Conservation},
	Number = {3},
	Pages = {215--232},
	Publisher = {Springer},
	Title = {How many species are there?},
	Volume = {2},
	Year = {1993}}

@article{erwin1991many,
	Author = {Erwin, Terry L},
	Date-Added = {2013-02-14 15:58:41 -0500},
	Date-Modified = {2013-02-14 15:58:41 -0500},
	Journal = {Conservation Biology},
	Number = {3},
	Pages = {330--333},
	Publisher = {Wiley Online Library},
	Title = {How many species are there?: Revisited},
	Volume = {5},
	Year = {1991}}

@article{may1988many,
	Author = {May, Robert M and others},
	Date-Added = {2013-02-14 15:58:24 -0500},
	Date-Modified = {2013-02-14 15:58:24 -0500},
	Journal = {Science},
	Number = {4872},
	Pages = {1441--1449},
	Title = {How many species are there on earth?.},
	Volume = {241},
	Year = {1988}}

@book{theophrastus1916enquiry,
	Author = {Theophrastus},
	Publisher = {Harvard University Press},
	Title = {Enquiry Into Plants, Translated by A.F. Hort},
	Year = 1916}

@article{gerrienne2011simple,
	Author = {Gerrienne, Philippe and Gensel, Patricia G and Strullu-Derrien, Christine and Lardeux, Hubert and Steemans, Philippe and Prestianni, Cyrille},
	Date-Added = {2013-02-14 15:53:39 -0500},
	Date-Modified = {2013-02-14 15:53:39 -0500},
	Journal = {Science},
	Number = {6044},
	Pages = {837--837},
	Publisher = {American Association for the Advancement of Science},
	Title = {A simple type of wood in two Early Devonian plants},
	Volume = {333},
	Year = {2011}}

@article{mora2011plos,
	Author = {Mora, Camilo AND Tittensor, Derek P. AND Adl, Sina AND Simpson, Alastair G. B. AND Worm, Boris},
	Doi = {10.1371/journal.pbio.1001127},
	Journal = {PLoS Biology},
	Month = {08},
	Number = {8},
	Pages = {e1001127},
	Publisher = {Public Library of Science},
	Title = {How Many Species Are There on Earth and in the Ocean?},
	Url = {http://dx.doi.org/10.1371%2Fjournal.pbio.1001127},
	Volume = {9},
	Year = {2011},
	Bdsk-Url-1 = {http://dx.doi.org/10.1371%2Fjournal.pbio.1001127},
	Bdsk-Url-2 = {http://dx.doi.org/10.1371/journal.pbio.1001127}}

@article{SmithDonoghue,
	Author = {Smith, Stephen A. and Donoghue, Michael J.},
	Doi = {10.1126/science.1163197},
	Eprint = {http://www.sciencemag.org/content/322/5898/86.full.pdf},
	Journal = {Science},
	Number = {5898},
	Pages = {86-89},
	Title = {Rates of Molecular Evolution Are Linked to Life History in Flowering Plants},
	Url = {http://www.sciencemag.org/content/322/5898/86.abstract},
	Volume = {322},
	Year = {2008},
	Bdsk-Url-1 = {http://www.sciencemag.org/content/322/5898/86.abstract},
	Bdsk-Url-2 = {http://dx.doi.org/10.1126/science.1163197}}

@article{Molesheihgt,
	Author = {Moles, Angela T. and Warton, David I. and Warman, Laura and Swenson, Nathan G. and Laffan, Shawn W. and Zanne, Amy E. and Pitman, Andy and Hemmings, Frank A. and Leishman, Michelle R.},
	Doi = {10.1111/j.1365-2745.2009.01526.x},
	Issn = {1365-2745},
	Journal = {Journal of Ecology},
	Keywords = {climate, latitude, plant ecological strategy, precipitation, temperature},
	Number = {5},
	Pages = {923--932},
	Publisher = {Blackwell Publishing Ltd},
	Title = {Global patterns in plant height},
	Url = {http://dx.doi.org/10.1111/j.1365-2745.2009.01526.x},
	Volume = {97},
	Year = {2009},
	Bdsk-Url-1 = {http://dx.doi.org/10.1111/j.1365-2745.2009.01526.x}}

@article{Cornwellwood,
	Author = {Cornwell, William K. and Cornelissen, Johannes H. C. and Allison, Steven, D. and Bauhus, J\"{u}rgen and Eggleton, Paul and Preston, Caroline M. and Scarff, Fiona and Weedon, James T. and Wirth, Christian and Zanne, Amy E.},
	Doi = {10.1111/j.1365-2486.2009.01916.x},
	Issn = {1365-2486},
	Journal = {Global Change Biology},
	Keywords = {C cycle, carbon, decomposition, fire, microbial decay, termites, wood},
	Number = {10},
	Pages = {2431--2449},
	Publisher = {Blackwell Publishing Ltd},
	Title = {Plant traits and wood fates across the globe: rotted, burned, or consumed?},
	Url = {http://dx.doi.org/10.1111/j.1365-2486.2009.01916.x},
	Volume = {15},
	Year = {2009},
	Bdsk-Url-1 = {http://dx.doi.org/10.1111/j.1365-2486.2009.01916.x}}

@article{wartonarcsine,
	Author = {Warton, David I and Hui, Francis K. C.},
	Journal = {Ecology},
	Number = {1},
	Optannote = {*},
	Optkey = {*},
	Optmonth = {*},
	Optnote = {*},
	Pages = {3-10},
	Title = {The arcsine is asinine: the analysis of proportions in ecology},
	Volume = {92},
	Year = {2011}}

@article{judd1994,
	Author = {W S Judd and R W Sanders and M J Donoghue},
	Journal = {Harvard Papers Botany},
	Pages = {1--51},
	Title = {Angiosperm family pairs: preliminary phylogenetic analyses},
	Volume = 5,
	Year = 1994}

@article{joppa2010,
	Author = {L N Joppa and D L Roberts and S L Pimm},
	Journal = {Proceedings of the Royal Society, Series B},
	Pages = {554--559},
	Title = {How many species of flowering plants are there?},
	Volume = 278,
	Year = 2010}

@article{costello2011,
	Author = {M J Costello and S Wilson and B Houlding},
	Journal = {Systematic Biology},
	Pages = {871--883},
	Title = {Predicting total global species richness using rates of species description and estimates of taxonomic effort},
	Volume = 61,
	Year = 2011}

@article{APG3,
	Author = {{The Angiosperm Phylogeny Group}},
	Doi = {10.1111/j.1095-8339.2009.00996.x},
	Issn = {1095-8339},
	Journal = {Botanical Journal of the Linnean Society},
	Keywords = {angiosperm classification, phylogenetic classification, DNA phylogenetics, classification system, APG system},
	Number = {2},
	Pages = {105--121},
	Publisher = {Blackwell Publishing Ltd},
	Title = {An update of the Angiosperm Phylogeny Group classification for the orders and families of flowering plants: {APG III}},
	Url = {http://dx.doi.org/10.1111/j.1095-8339.2009.00996.x},
	Volume = {161},
	Year = {2009},
	Bdsk-Url-1 = {http://dx.doi.org/10.1111/j.1095-8339.2009.00996.x}}

@manual{R,
	Address = {Vienna, Austria},
	Author = {{R Development Core Team}},
	Note = {{ISBN} 3-900051-07-0},
	Organization = {R Foundation for Statistical Computing},
	Title = {R: A Language and Environment for Statistical Computing},
	Url = {http://www.R-project.org},
	Year = 2013,
	Bdsk-Url-1 = {http://www.R-project.org}}

@Manual{Kew,
  title =	 {Seed Information Database, Version 7.1.  Available
                  from: \texttt{http://data.kew.org/sid}},
  author =	 {{Royal Botanic Gardens Kew}},
  year =	 2008
}

@Article{Zanne,
  author =	 {A E Zanne and D C Tank and W K Cornwell and Jonathan M Eastman and Stephen A Smith and Richard G FitzJohn and Daniel J McGlinn and Brian C O'Meara and Angela T Moles and Peter B. Reich and Dana L Royer and Douglas E Soltis and Peter F Stevens and Mark Westoby and Ian J. Wright and Lonnie Aarssen and Robert I Bertin and Andre Calaminus and Rafael Govaerts and Frank Hemmings and Michelle R. Leishman and Jacek Oleksyn and Pamela S. Solits and Nathan G. Swenson and Laura Warman and Jeremy M. Beaulieu},
  title =	 {Three keys to the radiation of
                  angiosperms into freezing environments},
  journal =	 {Nature},
  year =	 {2014},
  volume = {506},
  pages={89--92}

}

@Book{Hutchinson,
ALTauthor = {•},
editor = {Hutchinson, J},
title = {The Families of Flowering Plants},
publisher = {Clarendon Press, Oxford},
year = {1973},
OPTkey = {•},
volume = {2,3},
OPTnumber = {•},
OPTseries = {•},
OPTaddress = {•},
OPTedition = {•},
OPTmonth = {•},
OPTnote = {•},
OPTannote = {•}
}

@article{shan2012gap,
  title={Gap Filling in the Plant Kingdom---Trait Prediction Using Hierarchical Probabilistic Matrix Factorization},
  author={Shan, Hanhuai and Kattge, Jens and Reich, Peter and Banerjee, Arindam and Schrodt, Franziska and Reichstein, Markus},
  journal={arXiv preprint arXiv:1206.6439},
  year={2012}
}

@book{gray1887elements,
  title={The elements of botany for beginners and for schools},
  author={Gray, Asa},
  year={1887},
  publisher={American Book Company}
}


@article{pagel1994detecting,
  title={Detecting correlated evolution on phylogenies: a general method for the comparative analysis of discrete characters},
  author={Pagel, Mark},
  journal={Proceedings of the Royal Society of London. Series B: Biological Sciences},
  volume={255},
  number={1342},
  pages={37--45},
  year={1994},
  publisher={The Royal Society}
}

@article{nakagawa2008missing,
  title={Missing inaction: the dangers of ignoring missing data},
  author={Nakagawa, Shinichi and Freckleton, Robert P},
  journal={Trends in Ecology \& Evolution},
  volume={23},
  number={11},
  pages={592--596},
  year={2008},
  publisher={Elsevier}
}

@article{ackerly2000taxon,
  title={Taxon sampling, correlated evolution, and independent contrasts},
  author={Ackerly, David D},
  journal={Evolution},
  volume={54},
  number={5},
  pages={1480--1492},
  year={2000},
  publisher={Wiley Online Library}
}





@article {Swenson2013,
author = {Swenson, Nathan G.},
title = {Phylogenetic imputation of plant functional trait databases},
journal = {Ecography},
publisher = {Blackwell Publishing Ltd},
issn = {1600-0587},
url = {http://dx.doi.org/10.1111/j.1600-0587.2013.00528.x},
doi = {10.1111/j.1600-0587.2013.00528.x},
year = {2014},
volume={37},
pages={105--110}
}


@article {PEM,
author = {Gu\'{e}nard, Guillaume and Legendre, Pierre and Peres-Neto, Pedro},
title = {Phylogenetic eigenvector maps: a framework to model and predict species traits},
journal = {Methods in Ecology and Evolution},
issn = {2041-210X},
url = {http://dx.doi.org/10.1111/2041-210X.12111},
doi = {10.1111/2041-210X.12111},
keywords = {comparative method, cross-validation, evolutionary models, graph theory, Ornstein–Uhlenbeck process, phylogenetic eigenvectors, phylogenetic modelling, phylogenetic signal, statistical modelling, trait values},
year = {2013},
volume={4},
pages={1120--1131}
}


@article{Pagel1994,
author = {Pagel, Mark}, 
title = {Detecting Correlated Evolution on Phylogenies: A General Method for the Comparative Analysis of Discrete Characters},
volume = {255}, 
number = {1342}, 
pages = {37--45}, 
year = {1994}, 
doi = {10.1098/rspb.1994.0006}, 
URL = {http://rspb.royalsocietypublishing.org/content/255/1342/37.abstract}, 
eprint = {http://rspb.royalsocietypublishing.org/content/255/1342/37.full.pdf+html}, 
journal = {Proceedings of the Royal Society of London. Series B: Biological Sciences} 
}



@article{Lewis2001,
author = {Lewis, Paul O.}, 
title = {A Likelihood Approach to Estimating Phylogeny from Discrete Morphological Character Data},
volume = {50}, 
number = {6}, 
pages = {913--925}, 
year = {2001}, 
doi = {10.1080/106351501753462876}, 
URL = {http://sysbio.oxfordjournals.org/content/50/6/913.abstract}, 
eprint = {http://sysbio.oxfordjournals.org/content/50/6/913.full.pdf+html}, 
journal = {Systematic Biology} 
}

@book{Carlquist1974,
author={Carlquist, S},
title={Island Biology},
publisher={Columbia University Press},
year={1974}
}

@InCollection{Givnish1998,
author={Givnish, T. J.},
title={Adaptive plant evolution on islands: classical patterns, molecular data, new insights},
booktitle={Evolution on Islands},
publisher={Oxford University Press},
year={1998},
pages={281--304},
editor={P Grant}
}

@article {Pakeman2013,
author = {Pakeman, Robin J},
title = {Functional trait metrics are sensitive to the completeness of the species' trait data},
journal = {Methods in Ecology and Evolution},
issn = {2041-210X},
url = {http://dx.doi.org/10.1111/2041-210X.12136},
doi = {10.1111/2041-210X.12136},
keywords = {Functional dispersion, functional divergence, functional evenness, functional richness, plant functional traits, Rao's entropy, trait sampling},
year = {2014},
volume={5},
pages={9--15}
}

@article{Groover2005,
title = "What genes make a tree a tree? ",
journal = "Trends in Plant Science",
volume = "10",
number = "5",
pages = "210--214",
year = "2005",
issn = "1360-1385",
doi = "http://dx.doi.org/10.1016/j.tplants.2005.03.001",
url = "http://www.sciencedirect.com/science/article/pii/S1360138505000531",
author = "Andrew T. Groover"
}

@article {Spicer2010,
author = {Spicer, Rachel and Groover, Andrew},
title = {Evolution of development of vascular cambia and secondary growth},
journal = {New Phytologist},
volume = {186},
number = {3},
publisher = {Blackwell Publishing Ltd},
issn = {1469-8137},
url = {http://dx.doi.org/10.1111/j.1469-8137.2010.03236.x},
doi = {10.1111/j.1469-8137.2010.03236.x},
pages = {577--592},
keywords = {forest trees, genomics, Populus, wood anatomy, wood formation},
year = {2010},
}

@article {Rowe2012,
author = {Rowe, Nick and Paul-Victor, Clo\'{e}},
title = {Herbs and secondary woodiness --- keeping up the cambial habit},
journal = {New Phytologist},
volume = {193},
number = {1},
publisher = {Blackwell Publishing Ltd},
issn = {1469-8137},
url = {http://dx.doi.org/10.1111/j.1469-8137.2011.03980.x},
doi = {10.1111/j.1469-8137.2011.03980.x},
pages = {3--5},
keywords = {Arabidopsis, cambium, evolution, genes, growth forms, herbs, heterochrony, secondary woodiness},
year = {2012},
}

@article{Soltis2011,
author = {Soltis, Douglas E. and Smith, Stephen A. and Cellinese, Nico and Wurdack, Kenneth J. and Tank, David C. and Brockington, Samuel F. and Refulio-Rodriguez, Nancy F. and Walker, Jay B. and Moore, Michael J. and Carlsward, Barbara S. and Bell, Charles D. and Latvis, Maribeth and Crawley, Sunny and Black, Chelsea and Diouf, Diaga and Xi, Zhenxiang and Rushworth, Catherine A. and Gitzendanner, Matthew A. and Sytsma, Kenneth J. and Qiu, Yin-Long and Hilu, Khidir W. and Davis, Charles C. and Sanderson, Michael J. and Beaman, Reed S. and Olmstead, Richard G. and Judd, Walter S. and Donoghue, Michael J. and Soltis, Pamela S.}, 
title = {Angiosperm phylogeny: 17 genes, 640 taxa},
volume = {98}, 
number = {4}, 
pages = {704-730}, 
year = {2011}, 
doi = {10.3732/ajb.1000404},  
URL = {http://www.amjbot.org/content/98/4/704.abstract}, 
eprint = {http://www.amjbot.org/content/98/4/704.full.pdf+html}, 
journal = {American Journal of Botany} 
}

@Misc{FitzJohnDryad,
  author =	 {R G FitzJohn and M W Pennell and A E Zanne and P F
                  Stevens and D C Tank and W K Cornwell},
  title =	 {{Data from: How much of the world is woody?  Journal
                  of Ecology.  Dryad Digital Repository.
                  doi:10.5061/dryad.v7m14}},
  year =	 2014
}

@Misc{ZanneDryad,
  author =	 {A E Zanne and D C Tank and W K Cornwell and Jonathan
                  M Eastman and Stephen A Smith and Richard G FitzJohn
                  and Daniel J McGlinn and Brian C O'Meara and Angela
                  T Moles and Peter B. Reich and Dana L Royer and
                  Douglas E Soltis and Peter F Stevens and Mark
                  Westoby and Ian J. Wright and Lonnie Aarssen and
                  Robert I Bertin and Andre Calaminus and Rafael
                  Govaerts and Frank Hemmings and Michelle R. Leishman
                  and Jacek Oleksyn and Pamela S. Solits and Nathan
                  G. Swenson and Laura Warman and Jeremy M. Beaulieu},
  title =	 {{Data from: Three keys to the radiation of
                  angiosperms into freezing environments. Dryad
                  Digital Repository. doi:10.5061/dryad.63q27.2}},
  year =	 2013
}

@Misc{GBIFdata,
author={GBIF},
title={{GBIF} dataportal},
year={2013},
note={{http://code.google.com/p/gbif-dataportal/}}}


@article {Freckleton2012,
author = {Freckleton, Robert P.},
title = {Fast likelihood calculations for comparative analyses},
journal = {Methods in Ecology and Evolution},
volume = {3},
number = {5},
publisher = {Blackwell Publishing Ltd},
issn = {2041-210X},
url = {http://dx.doi.org/10.1111/j.2041-210X.2012.00220.x},
doi = {10.1111/j.2041-210X.2012.00220.x},
pages = {940--947},
keywords = {Brownian motion, evolutionary model, generalised least squares, phylogenetic contrasts},
year = {2012},
}  

@Article{Sidje-1998-130,
  author =	 {R B Sidje},
  title =	 {Expokit: A software package for computing matrix
                  exponentials},
  journal =	 {ACM Transactions on Mathematical Software},
  year =	 1998,
  volume =	 24,
  pages =	 {130--156}
} 

@article{BA2004,
author = {Burnham, Kenneth P. and Anderson, David R.}, 
title = {Multimodel Inference: Understanding AIC and BIC in Model Selection},
volume = {33}, 
number = {2}, 
pages = {261--304}, 
year = {2004}, 
doi = {10.1177/0049124104268644}, 
eprint = {http://smr.sagepub.com/content/33/2/261.full.pdf+html}, 
journal = {Sociological Methods and Research} 
}	
}


@article{treesim,
author = {Stadler, Tanja}, 
title = {Simulating Trees with a Fixed Number of Extant Species},
volume = {60}, 
number = {5}, 
pages = {676--684}, 
year = {2011}, 
doi = {10.1093/sysbio/syr029}, 
eprint = {http://sysbio.oxfordjournals.org/content/60/5/676.full.pdf+html}, 
journal = {Systematic Biology} 
}

@article {Eastman2013,
author = {Eastman, Jonathan M and Harmon, Luke J and Tank, David C},
title = {Congruification: support for time scaling large phylogenetic trees},
journal = {Methods in Ecology and Evolution},
issn = {2041-210X},
doi = {10.1111/2041-210X.12051},
pages = {688--691},
volume={4},
keywords = {Time-scaling, Divergence time, Phylogenetics, Tree of life, Geiger},
year = {2013},
}

@article{Hunt2006,
	Author = {Hunt, Gene},
	Booktitle = {Paleobiology},
	Da = {2006/12/01},
	Date = {2006/12/01},
	Date-Added = {2012-11-14 17:51:27 -0500},
	Date-Modified = {2012-11-14 17:51:35 -0500},
	Doi = {10.1666/05070.1},
	Isbn = {0094-8373},
	Journal = {Paleobiology},
	Journal1 = {Paleobiology},
	M3 = {doi: 10.1666/05070.1},
	Month = {2012/11/14},
	Number = {4},
	Pages = {578--601},
	Publisher = {The Paleontological Society},
	Title = {Fitting and comparing models of phyletic evolution: random walks and beyond},
	Ty = {JOUR},
	Volume = {32},
	Year = {2006},
	Year1 = {2006},
	Bdsk-Url-1 = {http://www.psjournals.org/doi/abs/10.1666/05070.1},
	Bdsk-Url-2 = {http://dx.doi.org/10.1666/05070.1}}

@article{FitzJohn2009,
author = {FitzJohn, Richard G. and Maddison, Wayne P. and Otto, Sarah P.}, 
title = {Estimating Trait-Dependent Speciation and Extinction Rates from Incompletely Resolved Phylogenies}, 
volume = {58}, 
number = {6}, 
pages = {595--611}, 
year = {2009}, 
doi = {10.1093/sysbio/syp067}, 
eprint = {http://sysbio.oxfordjournals.org/content/58/6/595.full.pdf+html}, 
journal = {Systematic Biology} 
}
